2512 3788
531 357 566 408 H
567 356 681 407 YPERI
680 356 736 407 ΟΝ.

130 539 210 598 Tum
230 555 290 599 vox
309 534 427 599 Satumi
447 536 507 596 late
528 553 722 610 succrescere,
744 535 847 612 quales

130 662 274 739 Organon
294 658 456 738 ingeminat
476 677 627 733 numeros,
647 657 781 735 aliosque
802 677 925 720 sonores

130 782 258 861 Excipit,
280 791 310 843 et
331 780 440 843 teneris
460 799 601 858 quassum
621 781 697 859 rapit
718 786 784 841 aira
804 780 931 843 chordis.

190 905 240 968 Sic
260 925 297 967 ea
317 906 478 966 succrevit:
504 904 576 964 Nan
596 904 656 981 ipsa
675 904 708 962 in
720 903 833 980 pellere
850 913 952 980 mesta,

133 1029 223 1106 Quod
228 1029 325 1106 judex
344 1029 401 1088 sibi
418 1034 516 1103 nempe
533 1046 613 1101 suus,
632 1028 768 1103 queritur
784 1035 811 1086 et
829 1028 910 1102 idem,

126 1153 309 1229 Argumenta
329 1153 416 1213 malis
434 1154 601 1229 contempler
619 1153 717 1213 idenea
736 1153 859 1213 nestris:

127 1275 201 1336 Nan
220 1276 274 1352 qui
284 1276 451 1353 primarum
472 1276 559 1352 relege
568 1258 742 1352 prescripta
761 1276 882 1349 deiram,

125 1401 256 1460 Arcanis
275 1400 376 1460 adiens
395 1401 504 1460 intexta
524 1400 673 1460 uolumina
682 1400 778 1476 fater,-

125 1523 235 1583 Pollice
251 1523 424 1600 quee‘nitr‘de
443 1524 623 1583 tenebrarum
642 1524 718 1582 stelli
729 1543 763 1583 er
780 1524 839 1584 om's

134 1648 256 1709 Uranus
275 1646 388 1724 erupuit,
408 1665 472 1706 cum
491 1646 703 1706 decrercentibus
723 1648 810 1706 undis

131 1767 241 1828 Obruit
257 1768 319 1827 alta
338 1773 433 1826 tamen
454 1765 540 1842 reflui
557 1766 645 1842 caliga
657 1753 860 1842 profunde?-

125 1892 220 1951 Illum
239 1898 337 1967 nempe
352 1891 469 1964 librum,
489 1890 574 1963 scitis,
593 1889 726 1949 subsellia
746 1891 850 1950 nestris

126 2012 240 2089 Subjeei
249 2013 379 2088 pedibus,
389 2011 481 2088 firmi
488 2010 649 2086 fulcimina
669 2011 764 2086 regni,-

125 2135 216 2197 Heu!
232 2134 350 2210 infirma
370 2134 571 2193 nimis:-nen
591 2132 651 2191 illis
670 2132 804 2206 uersibus,
824 2133 952 2209 inquam,

125 2257 197 2318 Nun
216 2277 260 2334 ege
279 2258 361 2334 signa
380 2263 461 2316 tuens
472 2261 660 2331 pertmtaque
679 2255 810 2314 maxima
829 2273 935 2329 rerum,

125 2381 223 2456 Aeris,
242 2381 324 2457 ignes,
343 2399 434 2456 aqua,
454 2384 589 2454 terreque
606 2377 725 2436 exordia
744 2377 873 2436 lustrans
880 2399 896 2448 ,·

126 2503 185 2564 Seu
205 2503 306 2562 bellum
318 2509 456 2578 pacemne
469 2511 580 2580 gerant,
601 2505 762 2581 vicibusque
779 2513 948 2583 repugnent,-

126 2627 184 2687 Seu
203 2627 331 2703 quodque
348 2630 500 2688 adversum
511 2629 611 2706 furiis
630 2631 775 2690 internecet
791 2631 906 2705 hostem,

125 2749 263 2826 Binaqne
279 2757 450 2811 concurrant
467 2752 549 2826 binis,
569 2759 625 2812 ant
641 2753 755 2828 ungula
775 2754 882 2824 temni,-

124 2873 208 2950 Ignis
228 2880 263 2932 ut
279 2892 345 2933 aere
362 2881 458 2949 certat,
478 2894 523 2934 ees
541 2875 611 2934 dum
631 2875 765 2935 turbidus
784 2876 875 2936 imber

124 2994 233 3054 Ambus
252 3004 369 3073 mergat,
388 3005 416 3057 et
432 2998 477 3057 ad
491 3005 573 3058 terra
591 3000 670 3059 latus
688 3001 895 3077 applicatum,

125 3118 248 3196 Salsum
266 3139 326 3196 qua
345 3119 419 3181 talla
437 3122 620 3199 quadruplex
639 3123 688 3184 ira
707 3125 846 3184 mriellum

129 3242 258 3304 Cardine
275 3245 412 3306 convellat
429 3224 679 3306 mundans-nen
700 3245 819 3306 metibus
838 3245 906 3319 illis,
