2512 3788
484 382 518 431 H
521 381 633 430 llPERI
632 382 690 436 ΟΝ.

89 565 202 625 Scilicet
220 565 274 638 ille,
294 566 403 623 malum
424 565 477 641 qui
486 565 565 640 sece't,
578 562 711 640 perferat
728 566 807 623 idem.

89 686 141 758 At,
161 686 224 744 licet
244 684 349 744 Oceani
368 704 411 742 nee
428 703 483 742 non
497 685 553 759 pia
564 684 674 759 fabula
695 685 789 758 nutrit,

90 812 192 869 Multa
212 818 306 869 tomen
326 810 407 883 doleo,
427 817 454 867 et
464 810 623 884 plusquam
644 828 705 867 mea
726 829 811 885 regna
831 811 949 884 requiro,

90 934 177 992 Pacis
195 935 270 993 enim
281 934 385 1008 fugere
403 933 469 1005 dies,
489 939 516 990 et
533 938 658 1007 tempora
676 932 776 1004 somni,

95 1053 231 1129 Tempora
242 1053 383 1129 seruantis
394 1053 573 1128 jamdudum
593 1054 684 1111 nescia
696 1061 824 1128 pugna‚·

95 1177 198 1236 Omnis
218 1178 269 1236 ubi
287 1178 429 1252 Superum
450 1177 575 1236 ueniebat
591 1177 714 1235 eandida
725 1179 816 1252 pubes

27 1384 30 1390 ²
96 1303 254 1377 Quasitum
267 1303 385 1378 patulis
404 1302 542 1378 quidnam
562 1299 738 1378 loqueremur
755 1304 850 1361 ocellis.

92 1425 230 1484 Nondum
250 1424 396 1485 contrella
410 1426 606 1501 glomerabant
623 1425 723 1484 nubila
732 1425 853 1501 frontis,

93 1548 234 1606 Mollibus
253 1554 308 1605 aut
325 1547 415 1605 labris
435 1565 510 1605 voees
530 1548 632 1605 lasere
642 1547 795 1623 profanu,-

92 1667 155 1726 Ncc
172 1669 238 1743 quis
257 1668 353 1726 adbuc
370 1675 463 1740 norat,
483 1669 562 1742 regni
578 1686 694 1726 securus
712 1674 739 1726 et
754 1668 817 1741 aui,

99 1789 222 1847 Cuilibet
239 1797 273 1848 ut
282 1791 371 1865 parti
397 1789 521 1849 Villorc'a
540 1791 650 1848 cesserit
667 1791 731 1848 ales.

96 1910 155 1969 Sed
170 1911 274 1968 durate
291 1910 417 1980 animis;
443 1928 512 1968 nom
523 1909 660 1985 fratrum
679 1910 835 1968 mucimus
855 1910 902 1967 ille

95 2033 234 2091 Nomium
254 2035 373 2092 sidereos
392 2034 540 2109 Hypermn
553 2034 685 2109 perdidit
701 2052 831 2092 axes:--
1038 2053 1098 2111 330

95 2156 172 2215 En!
194 2157 391 2231 Hyperionius
400 2158 470 2231 jam
486 2157 581 2232 gliscit
598 2157 697 2215 limine
705 2157 815 2233 fulgor.

156 2279 341 2340 Enceladum
361 2279 464 2340 cuncti
485 2281 694 2358 suspedtavere
715 2281 895 2357 loquentem.

97 2404 176 2460 Tum
197 2421 325 2478 quoque,
348 2403 420 2462 dum
441 2403 515 2463 tanti
536 2423 650 2464 nomen
669 2404 753 2464 ducis
774 2423 825 2463 ore
845 2405 989 2465 resultans

97 2525 201 2586 Ardua
221 2525 354 2586 Tartarei
375 2525 525 2602 laquearia
539 2525 663 2604 contigit
683 2527 767 2600 antri,

98 2647 245 2707 Viderunt
265 2645 331 2723 ipso
350 2648 438 2723 jubar
458 2646 661 2724 impallescere
677 2648 767 2708 vultu.

99 2771 199 2828 Torva
219 2767 341 2845 quidem
361 2768 462 2842 facies,
482 2769 613 2829 necdum
634 2771 724 2830 effera
734 2792 744 2845 ;
766 2789 895 2846 namque
912 2773 1041 2830 furentes

101 2892 245 2970 Repperit
265 2893 329 2969 ipse
350 2894 457 2952 furens.
501 2894 689 2954 Cunctorum
707 2893 739 2952 in
760 2895 856 2954 fronte
877 2893 1006 2954 micabat

101 3013 189 3072 Lucis
210 3011 309 3089 imago
329 3030 416 3072 novae
427 3033 437 3086 3
466 3012 521 3071 sed
541 3012 647 3071 clarius
668 3031 721 3072 ora
740 3011 876 3072 nitebant

101 3135 226 3210 Satumi‚
247 3137 331 3213 cujus
351 3135 447 3196 crines
468 3135 500 3195 in
520 3135 629 3197 vertice
651 3135 719 3197 cani

102 3259 267 3332 Fulserunt,
289 3269 321 3319 ut
342 3277 448 3335 spuma
468 3257 535 3320 citae
557 3260 666 3321 suffusa
686 3257 803 3331 carinae,
