<?xml version="1.0" encoding="UTF-8"?>
<!DOCTYPE html PUBLIC "-//W3C//DTD XHTML 1.0 Transitional//EN"
    "http://www.w3.org/TR/xhtml1/DTD/xhtml1-transitional.dtd">
<html xmlns="http://www.w3.org/1999/xhtml" xml:lang="en" lang="en">
 <head>
  <title>
</title>
<meta http-equiv="Content-Type" content="text/html;charset=utf-8" />
  <meta name='ocr-system' content='tesseract 3.04.00' />
  <meta name='ocr-capabilities' content='ocr_page ocr_carea ocr_par ocr_line ocrx_word'/>
</head>
<body>
  <div class='ocr_page' id='page_1' title='image "./keatsiihyperion00merigoog_0055.png"; bbox 0 0 2512 3788; ppageno 0'>
   <div class='ocr_carea' id='block_1_1' title="bbox 524 351 727 403">
    <p class='ocr_par' dir='ltr' id='par_1_1' title="bbox 524 351 727 403">
     <span class='ocr_line' id='line_1_1' title="bbox 524 351 727 403; baseline -0.01 0"><span class='ocrx_word' id='word_1_1' title='bbox 524 354 558 403; x_wconf 89' lang='lat' dir='ltr'><em>H</em></span> <span class='ocrx_word' id='word_1_2' title='bbox 559 352 672 401; x_wconf 81' lang='lat' dir='ltr'><em>YPERI</em></span> <span class='ocrx_word' id='word_1_3' title='bbox 671 351 727 402; x_wconf 86' lang='grc' dir='ltr'>ΟΝ.</span> 
     </span>
    </p>
   </div>
   <div class='ocr_carea' id='block_1_2' title="bbox 124 532 1131 1964">
    <p class='ocr_par' dir='ltr' id='par_1_2' title="bbox 125 532 927 734">
     <span class='ocr_line' id='line_1_2' title="bbox 125 532 927 611; baseline -0.005 -17"><span class='ocrx_word' id='word_1_4' title='bbox 125 536 268 611; x_wconf 89' lang='lat' dir='ltr'>Fanaque</span> <span class='ocrx_word' id='word_1_5' title='bbox 289 551 342 611; x_wconf 92' lang='lat' dir='ltr'>per</span> <span class='ocrx_word' id='word_1_6' title='bbox 361 533 489 611; x_wconf 91' lang='lat' dir='ltr'>populos</span> <span class='ocrx_word' id='word_1_7' title='bbox 509 532 690 611; x_wconf 87' lang='lat' dir='ltr'>pollentibus</span> <span class='ocrx_word' id='word_1_8' title='bbox 711 533 818 592; x_wconf 90' lang='lat' dir='ltr'>aemula</span> <span class='ocrx_word' id='word_1_9' title='bbox 839 533 927 592; x_wconf 89' lang='lat' dir='ltr'>sacris</span> 
     </span>
     <span class='ocr_line' id='line_1_3' title="bbox 126 655 900 734; baseline -0.004 -17"><span class='ocrx_word' id='word_1_10' title='bbox 126 656 287 734; x_wconf 83' lang='lat' dir='ltr'>Praesagire</span> <span class='ocrx_word' id='word_1_11' title='bbox 307 655 424 731; x_wconf 88' lang='lat' dir='ltr'>animo;</span> <span class='ocrx_word' id='word_1_12' title='bbox 444 675 496 716; x_wconf 93' lang='lat' dir='ltr'>seu</span> <span class='ocrx_word' id='word_1_13' title='bbox 518 675 584 732; x_wconf 89' lang='lat' dir='ltr'>quae</span> <span class='ocrx_word' id='word_1_14' title='bbox 605 657 683 717; x_wconf 89' lang='lat' dir='ltr'>celer</span> <span class='ocrx_word' id='word_1_15' title='bbox 704 655 786 715; x_wconf 89' lang='lat' dir='ltr'>alluit</span> <span class='ocrx_word' id='word_1_16' title='bbox 808 657 900 728; x_wconf 84' lang='lat' dir='ltr'>Oxus,</span> 
     </span>
    </p>

    <p class='ocr_par' dir='ltr' id='par_1_3' title="bbox 124 775 900 855">
     <span class='ocr_line' id='line_1_4' title="bbox 124 775 900 855; baseline -0.001 -19"><span class='ocrx_word' id='word_1_17' title='bbox 124 780 188 838; x_wconf 90' lang='lat' dir='ltr'>Aut</span> <span class='ocrx_word' id='word_1_18' title='bbox 207 778 330 838; x_wconf 87' lang='lat' dir='ltr'>lustrata</span> <span class='ocrx_word' id='word_1_19' title='bbox 349 775 423 837; x_wconf 93' lang='lat' dir='ltr'>Deis</span> <span class='ocrx_word' id='word_1_20' title='bbox 443 777 551 838; x_wconf 75' lang='lat' dir='ltr'>saneto</span> <span class='ocrx_word' id='word_1_21' title='bbox 573 776 652 855; x_wconf 87' lang='lat' dir='ltr'>capit</span> <span class='ocrx_word' id='word_1_22' title='bbox 672 778 768 837; x_wconf 89' lang='lat' dir='ltr'>insula</span> <span class='ocrx_word' id='word_1_23' title='bbox 788 779 900 854; x_wconf 85' lang='lat' dir='ltr'><strong>Gange.</strong></span> 
     </span>
    </p>

    <p class='ocr_par' dir='ltr' id='par_1_4' title="bbox 127 902 898 979">
     <span class='ocr_line' id='line_1_5' title="bbox 127 902 898 979; baseline 0.005 -18"><span class='ocrx_word' id='word_1_24' title='bbox 127 902 173 961; x_wconf 92' lang='lat' dir='ltr'>Ut</span> <span class='ocrx_word' id='word_1_25' title='bbox 193 902 276 979; x_wconf 90' lang='lat' dir='ltr'>Spes,</span> <span class='ocrx_word' id='word_1_26' title='bbox 296 903 453 964; x_wconf 84' lang='lat' dir='ltr'>candidior</span> <span class='ocrx_word' id='word_1_27' title='bbox 472 903 542 965; x_wconf 89' lang='lat' dir='ltr'>licet</span> <span class='ocrx_word' id='word_1_28' title='bbox 562 905 635 978; x_wconf 86' lang='lat' dir='ltr'>haec,</span> <span class='ocrx_word' id='word_1_29' title='bbox 656 904 789 965; x_wconf 91' lang='lat' dir='ltr'>innititur</span> <span class='ocrx_word' id='word_1_30' title='bbox 809 924 898 978; x_wconf 91' lang='lat' dir='ltr'>unco,</span> 
     </span>
    </p>

    <p class='ocr_par' dir='ltr' id='par_1_5' title="bbox 126 1002 790 1108">
     <span class='ocr_line' id='line_1_6' title="bbox 126 1002 790 1108; baseline 0.008 -22"><span class='ocrx_word' id='word_1_31' title='bbox 126 1024 176 1087; x_wconf 89' lang='lat' dir='ltr'>Sic</span> <span class='ocrx_word' id='word_1_32' title='bbox 196 1028 277 1089; x_wconf 87' lang='lat' dir='ltr'>Asiae</span> <span class='ocrx_word' id='word_1_33' title='bbox 297 1028 432 1090; x_wconf 89' lang='lat' dir='ltr'>submisit</span> <span class='ocrx_word' id='word_1_34' title='bbox 452 1030 527 1090; x_wconf 90' lang='lat' dir='ltr'>ebur</span> <span class='ocrx_word' id='word_1_35' title='bbox 546 1028 688 1089; x_wconf 88' lang='lat' dir='ltr'>latissima</span> <span class='ocrx_word' id='word_1_36' title='bbox 708 1002 790 1108; x_wconf 82' lang='lat' dir='ltr'>regni</span> 
     </span>
    </p>

    <p class='ocr_par' dir='ltr' id='par_1_6' title="bbox 127 1149 1131 1473">
     <span class='ocr_line' id='line_1_7' title="bbox 127 1149 946 1230; baseline 0.009 -23"><span class='ocrx_word' id='word_1_37' title='bbox 127 1149 238 1210; x_wconf 86' lang='lat' dir='ltr'>Bellua</span> <span class='ocrx_word' id='word_1_38' title='bbox 280 1152 408 1229; x_wconf 85' lang='lat' dir='ltr'>Jamque</span> <span class='ocrx_word' id='word_1_39' title='bbox 429 1171 525 1230; x_wconf 88' lang='lat' dir='ltr'>super,</span> <span class='ocrx_word' id='word_1_40' title='bbox 546 1154 679 1213; x_wconf 89' lang='lat' dir='ltr'>tabulato</span> <span class='ocrx_word' id='word_1_41' title='bbox 699 1152 779 1230; x_wconf 88' lang='lat' dir='ltr'>rupis</span> <span class='ocrx_word' id='word_1_42' title='bbox 800 1155 831 1212; x_wconf 90' lang='lat' dir='ltr'>in</span> <span class='ocrx_word' id='word_1_43' title='bbox 853 1154 946 1225; x_wconf 63' lang='lat' dir='ltr'>arcio,</span> 
     </span>
     <span class='ocr_line' id='line_1_8' title="bbox 128 1272 1131 1352; baseline 0.002 -22"><span class='ocrx_word' id='word_1_44' title='bbox 128 1272 307 1346; x_wconf 84' lang='lat' dir='ltr'>Enceladus,</span> <span class='ocrx_word' id='word_1_45' title='bbox 327 1272 429 1334; x_wconf 91' lang='lat' dir='ltr'>cubito</span> <span class='ocrx_word' id='word_1_46' title='bbox 450 1293 618 1350; x_wconf 69' lang='lat' dir='ltr'>suspensus</span> <span class='ocrx_word' id='word_1_47' title='bbox 640 1285 738 1334; x_wconf 91' lang='lat' dir='ltr'>cetera</span> <span class='ocrx_word' id='word_1_48' title='bbox 757 1294 877 1352; x_wconf 76' lang='lat' dir='ltr'>pronuS,</span> <span class='ocrx_word' id='word_1_49' title='bbox 1093 1277 1131 1333; x_wconf 91' lang='lat'>60</span> 
     </span>
     <span class='ocr_line' id='line_1_9' title="bbox 127 1393 886 1473; baseline 0.008 -22"><span class='ocrx_word' id='word_1_50' title='bbox 127 1394 218 1454; x_wconf 92' lang='lat' dir='ltr'>Visus</span> <span class='ocrx_word' id='word_1_51' title='bbox 239 1393 426 1471; x_wconf 79' lang='lat' dir='ltr'>adumbrari3</span> <span class='ocrx_word' id='word_1_52' title='bbox 447 1414 507 1473; x_wconf 92' lang='lat' dir='ltr'>quo</span> <span class='ocrx_word' id='word_1_53' title='bbox 527 1412 591 1456; x_wconf 88' lang='lat' dir='ltr'>non</span> <span class='ocrx_word' id='word_1_54' title='bbox 611 1397 667 1456; x_wconf 93' lang='lat' dir='ltr'>bos</span> <span class='ocrx_word' id='word_1_55' title='bbox 687 1395 787 1456; x_wconf 90' lang='lat' dir='ltr'>mitior</span> <span class='ocrx_word' id='word_1_56' title='bbox 807 1407 886 1470; x_wconf 91' lang='lat' dir='ltr'>ante,</span> 
     </span>
    </p>

    <p class='ocr_par' dir='ltr' id='par_1_7' title="bbox 128 1511 878 1598">
     <span class='ocr_line' id='line_1_10' title="bbox 128 1511 878 1598; baseline 0.001 -19"><span class='ocrx_word' id='word_1_57' title='bbox 128 1521 236 1579; x_wconf 87' lang='lat' dir='ltr'>Pastus</span> <span class='ocrx_word' id='word_1_58' title='bbox 256 1519 288 1579; x_wconf 93' lang='lat' dir='ltr'>in</span> <span class='ocrx_word' id='word_1_59' title='bbox 308 1519 442 1580; x_wconf 90' lang='lat' dir='ltr'>herbosis</span> <span class='ocrx_word' id='word_1_60' title='bbox 462 1521 546 1581; x_wconf 89' lang='lat' dir='ltr'>nullo</span> <span class='ocrx_word' id='word_1_61' title='bbox 566 1511 727 1581; x_wconf 80' lang='lat' dir='ltr'>imitamine</span> <span class='ocrx_word' id='word_1_62' title='bbox 748 1520 878 1598; x_wconf 84' lang='lat' dir='ltr'>campis3</span> 
     </span>
    </p>

    <p class='ocr_par' dir='ltr' id='par_1_8' title="bbox 129 1640 913 1721">
     <span class='ocr_line' id='line_1_11' title="bbox 129 1640 913 1721; baseline 0.003 -21"><span class='ocrx_word' id='word_1_63' title='bbox 129 1643 221 1701; x_wconf 87' lang='lat' dir='ltr'>Nunc</span> <span class='ocrx_word' id='word_1_64' title='bbox 241 1640 322 1704; x_wconf 86' lang='lat' dir='ltr'>rabie</span> <span class='ocrx_word' id='word_1_65' title='bbox 343 1641 440 1720; x_wconf 82' lang='lat' dir='ltr'>tigrim</span> <span class='ocrx_word' id='word_1_66' title='bbox 460 1643 583 1721; x_wconf 78' lang='lat' dir='ltr'>spiram,</span> <span class='ocrx_word' id='word_1_67' title='bbox 604 1645 765 1720; x_wconf 91' lang='lat' dir='ltr'>animoque</span> <span class='ocrx_word' id='word_1_68' title='bbox 785 1645 913 1718; x_wconf 91' lang='lat' dir='ltr'>leonem,</span> 
     </span>
    </p>

    <p class='ocr_par' dir='ltr' id='par_1_9' title="bbox 129 1763 1082 1964">
     <span class='ocr_line' id='line_1_12' title="bbox 129 1763 1082 1845; baseline 0.004 -22"><span class='ocrx_word' id='word_1_69' title='bbox 129 1765 205 1824; x_wconf 82' lang='lat' dir='ltr'>Dira</span> <span class='ocrx_word' id='word_1_70' title='bbox 224 1763 340 1826; x_wconf 89' lang='lat' dir='ltr'>minans</span> <span class='ocrx_word' id='word_1_71' title='bbox 361 1767 577 1845; x_wconf 86' lang='lat' dir='ltr'>meditansque,</span> <span class='ocrx_word' id='word_1_72' title='bbox 598 1769 687 1827; x_wconf 90' lang='lat' dir='ltr'>etiam</span> <span class='ocrx_word' id='word_1_73' title='bbox 707 1777 771 1827; x_wconf 91' lang='lat' dir='ltr'>tum</span> <span class='ocrx_word' id='word_1_74' title='bbox 791 1779 892 1829; x_wconf 92' lang='lat' dir='ltr'>mente</span> <span class='ocrx_word' id='word_1_75' title='bbox 912 1767 1082 1829; x_wconf 91' lang='lat' dir='ltr'>tremendos</span> 
     </span>
     <span class='ocr_line' id='line_1_13' title="bbox 129 1888 843 1964; baseline 0.003 -16"><span class='ocrx_word' id='word_1_76' title='bbox 129 1888 274 1964; x_wconf 73' lang='lat' dir='ltr'>Jadtabat</span> <span class='ocrx_word' id='word_1_77' title='bbox 293 1899 420 1964; x_wconf 91' lang='lat' dir='ltr'>montes,</span> <span class='ocrx_word' id='word_1_78' title='bbox 441 1891 513 1952; x_wconf 90' lang='lat' dir='ltr'>belli</span> <span class='ocrx_word' id='word_1_79' title='bbox 533 1890 728 1951; x_wconf 89' lang='lat' dir='ltr'>instrumenta</span> <span class='ocrx_word' id='word_1_80' title='bbox 749 1890 843 1950; x_wconf 88' lang='lat' dir='ltr'>futuri.</span> 
     </span>
    </p>
   </div>
   <div class='ocr_carea' id='block_1_3' title="bbox 132 2013 1026 2092">
    <p class='ocr_par' dir='ltr' id='par_1_10' title="bbox 132 2013 1026 2092">
     <span class='ocr_line' id='line_1_14' title="bbox 132 2013 1026 2092; baseline 0.001 -21"><span class='ocrx_word' id='word_1_81' title='bbox 132 2013 273 2090; x_wconf 90' lang='lat' dir='ltr'>Namque</span> <span class='ocrx_word' id='word_1_82' title='bbox 293 2025 356 2074; x_wconf 86' lang='lat' dir='ltr'>erat</span> <span class='ocrx_word' id='word_1_83' title='bbox 375 2014 407 2073; x_wconf 93' lang='lat' dir='ltr'>in</span> <span class='ocrx_word' id='word_1_84' title='bbox 428 2014 504 2090; x_wconf 87' lang='lat' dir='ltr'>fatis,</span> <span class='ocrx_word' id='word_1_85' title='bbox 523 2017 614 2076; x_wconf 88' lang='lat' dir='ltr'>breve</span> <span class='ocrx_word' id='word_1_86' title='bbox 635 2026 762 2092; x_wconf 78' lang='lat' dir='ltr'>tempuS,</span> <span class='ocrx_word' id='word_1_87' title='bbox 785 2025 815 2075; x_wconf 89' lang='lat' dir='ltr'>et</span> <span class='ocrx_word' id='word_1_88' title='bbox 835 2016 927 2075; x_wconf 86' lang='lat' dir='ltr'>altera</span> <span class='ocrx_word' id='word_1_89' title='bbox 946 2015 1026 2075; x_wconf 88' lang='lat' dir='ltr'>bella</span> 
     </span>
    </p>
   </div>
   <div class='ocr_carea' id='block_1_4' title="bbox 131 2138 1134 3196">
    <p class='ocr_par' dir='ltr' id='par_1_11' title="bbox 131 2138 1134 3196">
     <span class='ocr_line' id='line_1_15' title="bbox 131 2138 970 2217; baseline -0.004 -18"><span class='ocrx_word' id='word_1_90' title='bbox 131 2140 264 2217; x_wconf 86' lang='lat' dir='ltr'>Surgere,</span> <span class='ocrx_word' id='word_1_91' title='bbox 285 2157 353 2216; x_wconf 90' lang='lat' dir='ltr'>quae</span> <span class='ocrx_word' id='word_1_92' title='bbox 371 2141 496 2216; x_wconf 88' lang='lat' dir='ltr'>juvenes</span> <span class='ocrx_word' id='word_1_93' title='bbox 516 2138 628 2216; x_wconf 85' lang='lat' dir='ltr'>agitent</span> <span class='ocrx_word' id='word_1_94' title='bbox 649 2147 715 2199; x_wconf 91' lang='lat' dir='ltr'>toto</span> <span class='ocrx_word' id='word_1_95' title='bbox 735 2138 844 2199; x_wconf 89' lang='lat' dir='ltr'>aethere</span> <span class='ocrx_word' id='word_1_96' title='bbox 866 2138 970 2211; x_wconf 88' lang='lat' dir='ltr'>Divos,</span> 
     </span>
     <span class='ocr_line' id='line_1_16' title="bbox 133 2261 989 2339; baseline -0.004 -16"><span class='ocrx_word' id='word_1_97' title='bbox 133 2265 179 2323; x_wconf 91' lang='lat' dir='ltr'>Ut</span> <span class='ocrx_word' id='word_1_98' title='bbox 199 2261 319 2324; x_wconf 90' lang='lat' dir='ltr'>latuisse</span> <span class='ocrx_word' id='word_1_99' title='bbox 338 2263 431 2324; x_wconf 89' lang='lat' dir='ltr'>velint</span> <span class='ocrx_word' id='word_1_100' title='bbox 451 2263 552 2325; x_wconf 86' lang='lat' dir='ltr'>formis</span> <span class='ocrx_word' id='word_1_101' title='bbox 572 2265 726 2324; x_wconf 91' lang='lat' dir='ltr'>volucrum</span> <span class='ocrx_word' id='word_1_102' title='bbox 746 2273 836 2339; x_wconf 93' lang='lat' dir='ltr'>atque</span> <span class='ocrx_word' id='word_1_103' title='bbox 857 2263 989 2323; x_wconf 87' lang='lat' dir='ltr'>serarum.</span> 
     </span>
     <span class='ocr_line' id='line_1_17' title="bbox 134 2384 920 2465; baseline 0.004 -21"><span class='ocrx_word' id='word_1_104' title='bbox 134 2385 218 2446; x_wconf 92' lang='lat' dir='ltr'>Huic</span> <span class='ocrx_word' id='word_1_105' title='bbox 237 2384 351 2447; x_wconf 87' lang='lat' dir='ltr'>vicinus</span> <span class='ocrx_word' id='word_1_106' title='bbox 371 2388 465 2462; x_wconf 85' lang='lat' dir='ltr'>Atlas,</span> <span class='ocrx_word' id='word_1_107' title='bbox 486 2386 630 2465; x_wconf 91' lang='lat' dir='ltr'>laterique</span> <span class='ocrx_word' id='word_1_108' title='bbox 650 2389 772 2450; x_wconf 90' lang='lat' dir='ltr'>acclinis</span> <span class='ocrx_word' id='word_1_109' title='bbox 791 2387 920 2449; x_wconf 89' lang='lat' dir='ltr'>Atlantis</span> 
     </span>
     <span class='ocr_line' id='line_1_18' title="bbox 134 2509 1134 2588; baseline -0.005 -20"><span class='ocrx_word' id='word_1_110' title='bbox 134 2509 277 2582; x_wconf 90' lang='lat' dir='ltr'>Phorcus,</span> <span class='ocrx_word' id='word_1_111' title='bbox 299 2512 467 2586; x_wconf 86' lang='lat' dir='ltr'>Gorgoneae</span> <span class='ocrx_word' id='word_1_112' title='bbox 487 2512 581 2571; x_wconf 85' lang='lat' dir='ltr'>turbae</span> <span class='ocrx_word' id='word_1_113' title='bbox 602 2522 686 2588; x_wconf 89' lang='lat' dir='ltr'>pater</span> <span class='ocrx_word' id='word_1_114' title='bbox 691 2533 701 2586; x_wconf 79' lang='lat'>3</span> <span class='ocrx_word' id='word_1_115' title='bbox 722 2515 929 2586; x_wconf 88' lang='lat' dir='ltr'>Oceanusque,</span> <span class='ocrx_word' id='word_1_116' title='bbox 1098 2523 1134 2579; x_wconf 87' lang='lat'>70</span> 
     </span>
     <span class='ocr_line' id='line_1_19' title="bbox 134 2629 1071 2708; baseline -0.005 -16"><span class='ocrx_word' id='word_1_117' title='bbox 134 2632 293 2692; x_wconf 90' lang='lat' dir='ltr'>Undarum</span> <span class='ocrx_word' id='word_1_118' title='bbox 314 2630 452 2692; x_wconf 91' lang='lat' dir='ltr'>dominus</span> <span class='ocrx_word' id='word_1_119' title='bbox 473 2631 635 2708; x_wconf 90' lang='lat' dir='ltr'>quondam,</span> <span class='ocrx_word' id='word_1_120' title='bbox 657 2642 687 2692; x_wconf 93' lang='lat' dir='ltr'>et</span> <span class='ocrx_word' id='word_1_121' title='bbox 708 2651 776 2693; x_wconf 92' lang='lat' dir='ltr'>cum</span> <span class='ocrx_word' id='word_1_122' title='bbox 796 2633 923 2708; x_wconf 87' lang='lat' dir='ltr'>conjuge</span> <span class='ocrx_word' id='word_1_123' title='bbox 944 2629 1071 2706; x_wconf 75' lang='lat' dir='ltr'>Tethys,</span> 
     </span>
     <span class='ocr_line' id='line_1_20' title="bbox 135 2750 800 2832; baseline -0.006 -17"><span class='ocrx_word' id='word_1_124' title='bbox 135 2759 174 2816; x_wconf 91' lang='lat' dir='ltr'>In</span> <span class='ocrx_word' id='word_1_125' title='bbox 194 2755 278 2832; x_wconf 88' lang='lat' dir='ltr'>cujus</span> <span class='ocrx_word' id='word_1_126' title='bbox 298 2751 411 2831; x_wconf 87' lang='lat' dir='ltr'>gremio</span> <span class='ocrx_word' id='word_1_127' title='bbox 432 2751 574 2830; x_wconf 85' lang='lat' dir='ltr'>singultiit</span> <span class='ocrx_word' id='word_1_128' title='bbox 593 2750 670 2812; x_wconf 89' lang='lat' dir='ltr'>inter</span> <span class='ocrx_word' id='word_1_129' title='bbox 690 2770 800 2828; x_wconf 89' lang='lat' dir='ltr'>opacas</span> 
     </span>
     <span class='ocr_line' id='line_1_21' title="bbox 136 2872 1050 2952; baseline -0.007 -14"><span class='ocrx_word' id='word_1_130' title='bbox 136 2881 215 2938; x_wconf 90' lang='lat' dir='ltr'>Fusa</span> <span class='ocrx_word' id='word_1_131' title='bbox 235 2895 337 2938; x_wconf 87' lang='lat' dir='ltr'>comas</span> <span class='ocrx_word' id='word_1_132' title='bbox 359 2875 503 2952; x_wconf 90' lang='lat' dir='ltr'>Clymene</span> <span class='ocrx_word' id='word_1_133' title='bbox 510 2895 519 2948; x_wconf 85' lang='lat'>3</span> <span class='ocrx_word' id='word_1_134' title='bbox 538 2873 671 2933; x_wconf 92' lang='lat' dir='ltr'>medium</span> <span class='ocrx_word' id='word_1_135' title='bbox 691 2872 815 2934; x_wconf 88' lang='lat' dir='ltr'>Tbemis</span> <span class='ocrx_word' id='word_1_136' title='bbox 835 2872 901 2951; x_wconf 88' lang='lat' dir='ltr'>ipsa</span> <span class='ocrx_word' id='word_1_137' title='bbox 920 2874 1050 2944; x_wconf 88' lang='lat' dir='ltr'>tenebat,</span> 
     </span>
     <span class='ocr_line' id='line_1_22' title="bbox 136 2997 862 3078; baseline -0.004 -17"><span class='ocrx_word' id='word_1_138' title='bbox 136 2999 320 3078; x_wconf 88' lang='lat' dir='ltr'>Reginaeque</span> <span class='ocrx_word' id='word_1_139' title='bbox 340 3000 434 3078; x_wconf 91' lang='lat' dir='ltr'>pedes</span> <span class='ocrx_word' id='word_1_140' title='bbox 455 3000 591 3059; x_wconf 89' lang='lat' dir='ltr'>servabat</span> <span class='ocrx_word' id='word_1_141' title='bbox 610 2997 642 3057; x_wconf 90' lang='lat' dir='ltr'>in</span> <span class='ocrx_word' id='word_1_142' title='bbox 663 2999 730 3060; x_wconf 69' lang='lat' dir='ltr'>aere</span> <span class='ocrx_word' id='word_1_143' title='bbox 751 3007 862 3074; x_wconf 85' lang='lat' dir='ltr'>septae:</span> 
     </span>
     <span class='ocr_line' id='line_1_23' title="bbox 137 3119 869 3196; baseline -0.004 -13"><span class='ocrx_word' id='word_1_144' title='bbox 137 3125 216 3184; x_wconf 86' lang='lat' dir='ltr'>Haec</span> <span class='ocrx_word' id='word_1_145' title='bbox 237 3132 338 3185; x_wconf 87' lang='lat' dir='ltr'>autem</span> <span class='ocrx_word' id='word_1_146' title='bbox 358 3125 480 3185; x_wconf 89' lang='lat' dir='ltr'>obtutus</span> <span class='ocrx_word' id='word_1_147' title='bbox 501 3119 628 3182; x_wconf 91' lang='lat' dir='ltr'>evanida</span> <span class='ocrx_word' id='word_1_148' title='bbox 647 3120 730 3196; x_wconf 88' lang='lat' dir='ltr'>fallit,</span> <span class='ocrx_word' id='word_1_149' title='bbox 752 3129 786 3180; x_wconf 91' lang='lat' dir='ltr'>ut</span> <span class='ocrx_word' id='word_1_150' title='bbox 806 3128 869 3180; x_wconf 84' lang='lat' dir='ltr'>atra</span> 
     </span>
    </p>
   </div>
   <div class='ocr_carea' id='block_1_5' title="bbox 0 0 1278 3788">
    <p class='ocr_par' dir='ltr' id='par_1_12' title="bbox 0 0 1278 3788">
     <span class='ocr_line' id='line_1_24' title="bbox 0 0 1278 3788; baseline 0 0"><span class='ocrx_word' id='word_1_151' title='bbox 0 0 1278 3788; x_wconf 95' lang='lat' dir='ltr'> </span> 
     </span>
    </p>
   </div>
  </div>
 </body>
</html>
