2512 3788
415 318 451 341 ”·
525 332 730 382 mensnram
1088 352 1124 408 33

128 514 234 592 Tangit
243 517 474 590 nabaqaelabar.
521 516 610 591 Quaa'
620 517 739 592 denique
749 534 906 592 conquerar.
912 517 964 577 leae
974 523 1026 586 esl,·
1068 535 1126 591 300

123 637 199 697 Haec
214 638 305 697 claele's
325 639 400 696 milei
417 639 507 716 signa,
528 647 624 714 metus,
645 640 797 715 subitaeque
815 639 914 699 ruina.

130 761 179 820 Tu
198 761 308 822 luiiare
325 768 438 822 tamen:
463 782 533 822 nam
553 770 586 822 tu
599 764 748 840 procedere
764 770 869 837 cantra,

125 882 294 958 Bellam'que
303 888 391 957 pates,
412 883 595 959 manifestum
614 884 742 957 Numen,
762 884 794 942 in
813 884 892 942 amni

125 1005 264 1075 AEtnere;
289 1011 323 1064 tu
335 1013 463 1081 praesens
481 1004 584 1064 haram
604 1005 750 1081 infregisse
767 1007 930 1082 malignam.

125 1126 187 1185 Ast
203 1145 248 1202 ega
267 1146 324 1187 vax
342 1129 452 1188 salum:
479 1146 541 1186 mea
561 1127 614 1203 uis,
635 1134 670 1187 ut
687 1137 785 1188 uentus
803 1136 832 1188 et
847 1138 939 1202 cestus,

125 1247 266 1308 Flauum
282 1250 340 1307 leuc
357 1250 433 1323 e'lluc,
452 1267 500 1309 uec
519 1257 598 1308 venta
617 1251 713 1326 naar
729 1257 758 1309 et
774 1257 851 1309 astu.

131 1370 181 1428 Tu
201 1371 313 1446 majana
326 1378 425 1447 pates:
449 1379 483 1430 tu
501 1372 599 1431 tristia
610 1373 738 1447 pranpe
746 1372 827 1447 saia,

126 1491 320 1567 annaneane
336 1493 422 1552 aneen
434 1493 544 1569 punies
563 1512 614 1569 age
623 1494 732 1568 prende
748 1493 863 1568 sagittae.

127 1618 224 1692 Ipete
241 1623 274 1675 tu
293 1622 409 1691 terram,
428 1635 488 1692 qua
507 1636 583 1676 nunc
604 1618 752 1677 Saturnus
770 1618 881 1677 aberrat

127 1741 230 1800 Multa
245 1757 362 1814 gemens.
403 1737 489 1796 Milei
505 1737 546 1796 sit
563 1739 637 1797 clari
653 1739 778 1798 eustadia
797 1740 864 1798 salis
1069 1704 1126 1816 3r0

127 1865 251 1936 Interea,
270 1862 422 1938 blandeque
429 1861 536 1938 fauens
554 1868 606 1921 tua
625 1868 748 1939 tempera
767 1863 874 1922 sestam.

191 2229 250 2286 Vix
271 2229 348 2288 bene
368 2223 501 2304 caeligeni
520 2226 679 2287 devenerat
699 2245 770 2286 aura
790 2224 905 2301 susurri,

78 2356 90 2381 '·
130 2350 251 2413 Sustulit
271 2370 306 2412 os
326 2349 424 2424 Titan,
447 2350 608 2426 oculosque
628 2349 755 2410 tetendit
774 2350 805 2408 in
824 2359 903 2410 astra

132 2474 310 2551 Intrepidus,
331 2474 403 2534 dum
423 2476 515 2535 verba
534 2484 656 2552 crepant
666 2496 675 2549 3
699 2474 850 2552 etiamque
869 2475 1003 2549 tetendit,

130 2602 221 2659 Astra
240 2608 335 2673 tuens,
356 2597 467 2676 placidi
488 2597 623 2658 durantia
644 2598 756 2658 lumina
775 2597 889 2659 mundi.

132 2722 211 2780 Tum
231 2719 284 2781 lati
302 2719 411 2781 sensim
432 2739 556 2780 curvans
574 2695 740 2780 sinuamina
760 2719 848 2795 dorsi,

132 2841 237 2919 Qualis
256 2841 442 2920 gemmiferas
462 2843 559 2920 pelagi
579 2851 722 2902 scrutator
741 2840 781 2903 ad
800 2841 904 2917 undas,

132 2962 269 3041 Vergitur
288 2963 320 3021 in
339 2982 490 3042 praeceps:
518 2960 561 3022 sic
581 2961 665 3023 litore
685 2962 785 3039 lapsus
805 2963 905 3040 aprico

131 3089 170 3147 In
191 3088 370 3166 caligantem
390 3087 480 3149 surdo
500 3087 557 3147 ruit
578 3086 688 3164 impete
709 3086 842 3148 nostem
