2512 3788
494 358 698 412 HYPERION.

96 537 250 597 Murmura
268 534 437 615 producens
458 553 534 614 quae,
555 555 663 598 vocum
684 546 716 598 ut
737 537 856 599 sedulus
876 537 981 614 infans,

96 659 195 721 Finxit
215 660 254 721 ad
274 660 393 722 auditos
414 661 542 738 spumati
561 660 654 722 litoris
675 661 762 722 iiius.

165 783 217 843 Vas
241 782 288 844 Ol
302 802 373 859 quas
391 783 474 858 angit
492 783 593 857 rabies,
612 791 641 842 et
658 785 773 843 uulnere
793 785 856 844 dira

100 907 269 982 Centarquet
285 906 384 979 clades,
404 913 432 965 et
440 913 532 982 pastu
551 906 693 966 doloribus
713 907 770 980 ira,

100 1030 234 1089 Claudite
244 1030 314 1106 jam
333 1048 439 1103 sersus,
458 1047 598 1104 auresque
614 1029 756 1089 obtundzte
775 1035 892 1104 uestras,

98 1152 228 1228 Spiritus
247 1152 296 1212 hie
313 1153 381 1213 istas
399 1171 455 1212 non
466 1152 591 1228 follibus
609 1151 705 1228 efferet
723 1153 805 1228 ignes.

97 1273 249 1334 Exaudite
266 1281 369 1350 tamen,
389 1276 418 1334 si
434 1276 500 1351 quis
520 1275 585 1334 uult
602 1294 710 1334 nascere
726 1275 809 1350 legem

99 1398 248 1475 Supplieii‚
270 1405 305 1458 ut
320 1398 448 1474 quemuis
457 1397 542 1475 stedi
559 1404 587 1457 et
596 1405 704 1474 parere
721 1416 822 1456 maesse
839 1404 897 1468 est,·

99 1520 151 1580 Sic
167 1540 223 1580 nare
244 1540 321 1581 uana
340 1522 412 1581 deba
432 1522 506 1581 ueris
525 1521 628 1581 solatia
647 1521 738 1595 dietis,

100 1638 139 1698 Si
149 1639 251 1714 placet,
271 1646 299 1698 et
314 1645 384 1699 certa
403 1640 506 1699 solatu'a
525 1645 590 1699 teste
599 1633 708 1715 seretis.

100 1762 228 1822 Nature
248 1762 364 1839 impen'a
384 1762 506 1836 ruimus,
526 1781 582 1822 nau
592 1763 735 1839 fulminis
754 1763 811 1840 ira,

100 1883 172 1944 Nan
184 1883 279 1963 Jeuis.
320 1883 374 1957 At,
394 1883 528 1958 Saturne,
548 1884 603 1943 tibi
619 1893 690 1944 sunt
706 1886 813 1961 cognita
833 1904 929 1945 rerum

100 2007 227 2081 Fudera,
246 2013 316 2066 sunt
332 2009 480 2067 dernenta:
505 2008 565 2068 luee
580 2015 608 2068 te
625 2009 675 2068 aia
694 2010 755 2068 sala
764 2008 880 2085 fefellit,

107 2129 180 2206 Quae
199 2150 244 2190 me
252 2132 417 2208 perspicuas
437 2132 500 2191 aeri
518 2133 639 2192 &duxit
655 2132 699 2191 ad
714 2140 814 2204 artus;
1045 2137 1102 2193 180

103 2253 214 2330 Nempe
230 2254 309 2329 quad
324 2254 383 2331 ipse
400 2254 487 2329 regis:
505 2261 588 2315 cereat
596 2254 723 2330 fortuna
743 2262 868 2330 regentes,

103 2374 301 2450 Masestasque
318 2394 373 2434 sua
385 2376 607 2452 praestringitur
623 2395 715 2436 aurea
733 2378 798 2436 luce.

108 2496 255 2569 Continuo,
274 2496 409 2572 queniam
428 2515 484 2556 non
503 2502 545 2555 est
561 2503 614 2556 tua
625 2497 729 2573 prima
741 2505 875 2574 potestus,

105 2620 158 2681 Sic
174 2638 262 2696 neque
271 2627 330 2696 per
347 2626 442 2680 terras
461 2621 517 2681 erit
534 2621 653 2692 ultima·
672 2639 728 2681 nan
748 2621 789 2680 ita
801 2621 858 2697 sas
877 2629 934 2682 est:

107 2745 157 2804 Tu
177 2763 265 2820 neque
275 2745 456 2821 primitium
476 2744 585 2817 muudi,
605 2762 692 2819 neque
709 2763 831 2819 summa,
851 2746 970 2807 creandi.

104 2869 151 2930 At
173 2868 268 2928 Cleuas
286 2875 314 2928 et
322 2869 427 2944 pasca
446 2845 685 2944 Lucem—genuere
705 2868 842 2945 Tenebrce,

105 2993 263 3054 Primitias
281 2993 427 3067 n'rearum,
448 2992 625 3069 intestim'que
641 2993 756 3068 labaris,

111 3119 174 3196 Qui
191 3136 281 3179 seeum
300 3118 402 3178 occulto
421 3117 621 3177 maturescebat
638 3116 670 3175 iu
689 3133 755 3191 aaa,
