2512 3788
465 338 670 388 HYPERJOM
1036 360 1070 414 19

67 520 253 594 Terruerant,
274 529 304 579 et
323 519 460 580 nocturni
480 522 623 598 praesagia
642 519 742 598 lychni
752 541 762 595 ,·
1014 539 1070 598 150

67 644 108 701 At
128 643 272 719 Superum
293 641 421 718 auguria,
442 653 472 702 et
493 642 607 719 species
627 663 682 720 pro
704 642 834 704 Numine
856 643 936 719 dirae,

67 765 252 824 Concussere
274 767 380 824 Deum.
425 766 575 840 Quoniam
594 767 745 842 penetrale
766 785 930 839 comscum,

66 890 166 948 Aurea
185 889 371 965 pyramidum
392 890 496 948 fultum
517 898 603 963 strue,
626 909 687 966 quo
708 909 795 966 super
814 891 950 951 umbram

66 1013 193 1072 Suscitat
214 1014 320 1073 exilem
342 1013 479 1088 squalens
501 1011 648 1072 obeliscus
669 1011 700 1071 in
721 1031 788 1086 aere,

66 1133 266 1210 Sanguineum
288 1153 427 1210 quassare
446 1135 533 1210 jubar
543 1156 552 1208 3
580 1134 770 1210 thalamique,
790 1134 933 1213 tholique‚

65 1257 151 1318 Atria
169 1257 249 1318 mille
271 1258 386 1330 domus,
407 1267 438 1316 et
458 1256 560 1317 cinc‘ta
579 1257 712 1317 cavaedia
730 1257 874 1318 flammis:

67 1380 236 1456 Omniaque
258 1381 329 1441 Eois
349 1389 493 1457 praetexta
512 1381 684 1457 crepuscula
703 1379 796 1457 portis

67 1502 209 1579 Inquinat
229 1502 272 1562 ira
291 1503 418 1562 rubens:
443 1500 607 1579 aquilarum
628 1511 658 1562 et
678 1500 813 1561 cominus
834 1500 896 1576 alis,

66 1632 190 1707 Semper
209 1629 398 1707 inaspectum
420 1628 475 1688 Dis
497 1640 526 1689 et
547 1628 721 1688 mortalibus
742 1648 840 1702 omen,

30 1827 36 1838 ⁹
65 1757 134 1830 Jam
154 1754 238 1813 locus
258 1751 394 1825 umbram,
415 1753 478 1827 jam
498 1752 567 1811 flare
588 1750 719 1811 hinnitus
740 1770 893 1827 equomm,
1012 1757 1068 1812 160

67 1877 139 1936 Non
158 1877 238 1952 prius
259 1875 391 1934 auditum
413 1874 468 1934 Dis
489 1885 519 1933 et
539 1874 712 1934 mortalibus
733 1893 830 1935 omen.

67 2002 239 2078 Quinetiam
259 2002 351 2061 thuris
372 2020 440 2060 cum
461 2000 573 2061 blanda
592 2001 745 2061 volumina
764 2002 854 2062 vellet

65 2125 226 2199 Adbibere,
248 2124 279 2184 in
299 2123 389 2184 sacris
410 2124 469 2183 alte
490 2122 631 2200 spirantia
650 2122 741 2197 clivis,

66 2251 139 2310 Non
159 2249 261 2309 dulces
283 2248 354 2309 olim
375 2267 489 2321 succos,
511 2247 565 2307 sed
585 2256 661 2307 tetra
680 2266 796 2308 venena

65 2369 192 2443 Scilicet,
213 2380 244 2430 et
263 2387 372 2446 magno
393 2368 509 2429 fremuit
529 2368 642 2428 trahere
663 2386 723 2428 aera
742 2369 850 2444 palato.

66 2493 123 2553 Ille
143 2491 236 2570 igitur,
258 2503 417 2569 postquam
437 2491 601 2567 tranquillae
622 2491 724 2551 limina
744 2490 844 2552 noctis
920 2529 922 2535 ·

65 2614 219 2693 Attidem,
239 2617 433 2693 pulcmmque
454 2615 534 2675 diem
555 2615 733 2676 subduxerat
754 2613 819 2676 orbi
826 2636 877 2690 3-

66 2736 123 2796 Ille
144 2735 215 2796 alias
236 2736 353 2813 sponda
373 2735 514 2828 componi
535 2746 634 2797 suetus
655 2735 686 2795 in
707 2738 775 2812 alta,

66 2861 106 2919 Et
126 2859 234 2920 sancto
254 2859 375 2920 melicas
395 2880 485 2922 voces
505 2859 686 2922 circumdare
708 2879 815 2922 somno
826 2882 877 2937 3-

66 2983 165 3056 Nunc,
186 2992 219 3049 ut
239 2991 310 3056 erat,
331 2982 442 3043 resides
461 2984 538 3043 ultro
559 2983 701 3060 spatiatus
722 2983 753 3042 in
773 2984 870 3058 horas,
1011 3000 1067 3058 170

64 3105 176 3181 Ampla
195 3105 306 3181 pedum
327 3114 392 3165 toto
412 3106 511 3183 posuit
531 3106 654 3184 vestigia
674 3108 794 3184 templo.

64 3229 107 3287 At
126 3229 229 3305 procul
250 3227 349 3306 aligeri
369 3228 511 3304 claustris,
531 3249 644 3308 perque
664 3231 750 3291 areta
769 3230 926 3293 domorum

938 3399 984 3442 C2
