2512 3788
526 358 560 407 H
562 349 732 408 YPERION.

125 539 263 599 Numinis
284 558 392 600 occasu
403 562 413 615 ;
434 539 625 618 gelidumque
646 541 762 600 arrecta
782 539 897 601 labellis

124 665 221 725 Altius
240 665 388 741 impressit
408 665 533 743 digitum
554 666 609 725 sub
631 664 774 724 arundine
796 665 896 725 Naias.

186 787 355 861 Hactenus,
376 787 502 849 errando
524 797 667 865 quantum
688 797 871 865 processerat
891 787 964 865 ipse,

125 909 258 969 Grandia
278 911 418 987 pulvereo
438 910 562 989 vestigia
581 910 713 989 margine
734 910 861 972 tendunt
871 932 880 985 3

126 1034 164 1092 Et
184 1045 342 1111 composta
361 1046 492 1096 manent.
537 1038 603 1095 En!
630 1034 712 1113 segni
733 1034 764 1093 in
785 1033 897 1110 cespite
918 1034 1052 1093 dextram

125 1158 273 1217 Enervem
294 1157 521 1235 exanimumque
542 1157 630 1232 senis,
652 1169 828 1236 sceptroque
849 1168 1021 1232 carentem;

125 1278 267 1354 Orbaque
288 1278 391 1339 divino
412 1279 589 1339 clauduntur
608 1278 721 1339 lumina
740 1298 839 1357 regno.

126 1400 357 1478 Demissumque
377 1412 467 1478 caput
487 1403 638 1462 Tellurem
658 1421 781 1479 poscere
802 1401 899 1461 visum
1098 1422 1134 1460 20

125 1526 395 1602 Quantulacunque
416 1533 517 1584 tamen
537 1526 669 1602 vetulam
690 1526 796 1585 solatia
815 1536 949 1585 matrem.

186 1648 263 1722 Quae
283 1648 377 1708 modo
397 1646 442 1707 vis
463 1657 554 1708 tantae
575 1647 726 1707 labentem
747 1646 880 1724 pondere
901 1665 979 1708 curae

126 1768 261 1828 Excitetl
301 1767 445 1843 Accessit,
467 1770 642 1847 Regemque
663 1769 804 1829 decenter
824 1767 953 1830 adorans

126 1895 347 1967 Immemorem,
367 1893 489 1953 dorsum
510 1895 579 1952 Dea
599 1890 723 1970 contigit
743 1909 803 1950 una
824 1910 964 1965 suorum;
1045 1927 1047 1930 ⁴

126 2015 290 2093 Splendida
308 2017 370 2093 jam
391 2015 485 2076 teneri
505 2014 609 2073 mundi
631 2016 707 2086 Dea,
727 2013 859 2073 maxima
878 2015 962 2091 cujus

125 2139 176 2199 Ad
196 2140 273 2199 latus
292 2138 427 2199 imbelles
448 2137 576 2221 pumilos
597 2147 727 2215 aequaret
747 2138 884 2198 Amazon
894 2159 903 2212 3

126 2261 202 2335 Quae
223 2258 304 2319 crine
324 2260 431 2335 arrepti
452 2259 563 2319 collum
582 2257 747 2318 incurvaret
767 2257 902 2332 Achillis,

125 2384 187 2443 Aut
209 2380 358 2442 Ixionium
380 2379 472 2459 digito
493 2380 686 2458 suspenderet
707 2381 818 2441 orbem.

128 2751 203 2810 Lata
225 2751 299 2810 Deae
319 2751 420 2825 facies,
442 2750 643 2828 Memphitide
664 2749 760 2828 qualis
780 2750 811 2809 in
832 2751 899 2810 aula

127 2871 265 2951 Sphingis
285 2872 317 2932 in
336 2872 474 2933 immensi
495 2874 677 2950 quandoque
698 2871 850 2950 crepidine
871 2871 942 2945 saxi,
1096 2889 1134 2946 30

127 2995 205 3054 Cum
224 3003 310 3053 vetus
330 2995 495 3071 AEgyptum
514 2992 607 3053 coluit
627 2992 767 3053 doctrina
786 2991 962 3069 magistram.

126 3114 192 3174 Ah!
219 3123 363 3196 quantum
384 3133 457 3175 saxo
477 3114 568 3174 facies
590 3113 706 3174 diversa
717 3135 726 3189 ;
753 3125 892 3175 venustas
