2512 3788
487 341 520 390 H
522 340 635 390 YPERI
633 340 690 389 ON.

86 523 160 580 Atra
179 519 273 580 nocte
295 517 393 578 sinum
413 527 551 594 penetrat
571 536 640 577 cum
658 536 746 595 prora
766 517 931 578 reductum.

85 645 133 705 Sic
154 645 195 703 illi
217 654 388 722 argenteum
408 641 490 703 taciti
511 643 622 720 pallere
641 643 773 702 colorem
783 663 793 717 ;

87 768 194 826 Donec
214 765 256 825 ibi
278 765 420 843 splendor
440 764 563 839 subitus,
584 785 639 826 ceu
657 784 745 825 mane
763 783 896 838 comsc0,

87 890 219 950 Pervasit
239 889 331 950 clivos
353 889 430 950 saxis
451 889 650 966 pendentibus
672 909 785 964 omnes,

87 1015 126 1072 Et
146 1012 326 1073 contristatae
347 1013 464 1072 nebulis
485 1012 580 1089 spatia
601 1012 702 1072 omnia
722 1011 842 1084 Lethes,

86 1135 253 1213 Insinuans,
273 1139 421 1216 rimasque
439 1156 553 1209 omnes,
574 1146 747 1213 veteresque
766 1155 919 1209 recessus;

65 1253 68 1258 ’
84 1260 206 1319 Summa
222 1260 308 1320 simul
324 1271 449 1338 tangens
466 1271 556 1336 atque
574 1257 655 1331 ima3
676 1254 807 1333 expertia
826 1275 942 1330 vocum,

85 1382 248 1456 Raucaque
267 1390 410 1441 contortae
430 1380 515 1440 claris
536 1377 695 1456 mugitibus
716 1376 812 1436 undae.

85 1503 231 1562 Necnon
252 1501 353 1562 aeterni
370 1501 525 1562 fluviorum
546 1520 564 1561 a
584 1499 713 1561 culmine
733 1501 842 1577 lapsus,
916 1498 918 1502 ’

85 1626 304 1699 Torrentesque
325 1623 429 1700 procul
446 1641 556 1696 cursus,
576 1632 615 1682 et¹
627 1640 751 1699 spumea
768 1623 852 1698 juxta
1026 1637 1085 1696 350

86 1745 198 1820 Praelia,
214 1765 295 1806 caeca
313 1745 403 1823 priuS,
421 1745 571 1822 vastisque
593 1744 729 1805 obducta
745 1745 883 1818 tenebris,

86 1870 175 1928 Nunc
193 1866 293 1928 videre
315 1868 403 1941 diem,
423 1877 454 1927 et
474 1865 539 1927 visu
557 1868 653 1927 fecere
670 1867 862 1927 tremendam.

146 1992 216 2067 Ipse
233 1991 317 2050 Deus
331 1963 419 2067 jubar
438 1990 512 2051 illud
530 2000 601 2066 erat,
623 1990 675 2068 qui
693 1991 802 2052 vertice
820 1993 900 2068 rupis

86 2111 228 2175 Constitit
248 2112 279 2172 in
297 2112 395 2188 radiis,
415 2114 594 2191 deprensum
612 2114 678 2175 luce
696 2125 827 2174 moratus

86 2235 228 2294 Cemeret
247 2242 281 2291 ut
300 2232 425 2308 luctum,
439 2235 500 2310 jam
520 2233 639 2312 cognita
656 2236 717 2295 fata
734 2253 880 2311 perosum.

85 2353 184 2412 Aurea
204 2353 338 2413 caesaries
358 2353 409 2429 illi,
429 2355 556 2433 crispata
575 2355 707 2432 capillos,

86 2476 156 2550 Quo
175 2475 340 2536 Numidum
360 2496 433 2554 gens
453 2497 536 2538 more
557 2490 675 2555 comat3
700 2489 763 2539 tum
784 2479 864 2558 regia
881 2481 982 2540 formae

86 2599 230 2675 Majestas
248 2598 348 2659 media
367 2601 510 2678 fulgorem
531 2601 679 2678 intercipit
698 2603 803 2662 umbra
813 2623 822 2676 3

86 2721 259 2780 Memnonis
277 2731 310 2781 ut
331 2723 425 2782 moles
444 2742 552 2783 occasu
573 2723 658 2796 Solis,
681 2723 762 2784 eunti

85 2843 193 2917 Obvia,
213 2844 362 2905 fuscantes
383 2843 433 2920 qui
453 2864 533 2921 pone
554 2845 693 2906 avertitur
713 2857 800 2907 ortus.
1025 2850 1083 2922 360

86 2967 168 3043 Quin
186 2977 217 3028 et
236 2967 426 3046 magnanimo
445 2968 569 3045 suspiria
585 2970 710 3046 pectore
732 2969 822 3043 duxit,

87 3092 271 3154 Memnoniae
292 3111 347 3154 ceu
368 3102 476 3153 moesta
494 3095 574 3172 lyrae,
593 3093 766 3171 junctisque
786 3094 910 3154 revolvit
