2512 3788
524 344 559 395 H
560 341 734 394 YPERION.

128 520 250 594 Quanta
271 523 354 595 Deae,
376 530 405 581 et
426 521 521 582 forma
541 539 651 582 moeror
671 517 828 580 formosior
846 517 950 597 ipsal*

128 642 203 718 Quis
224 642 313 706 timor
332 655 462 705 attentus
482 646 574 720 vultu,
595 645 677 705 velut
697 662 802 722 aspera
821 644 883 704 fata

128 766 286 827 Exantlata
307 766 366 840 diu,
386 787 443 829 nec
464 767 562 828 adhuc
583 769 742 845 absumpta
762 765 922 827 trahentis!

127 886 240 948 Praevia
260 908 314 949 ceu
335 892 439 966 nubes,
459 910 556 952 rerum
576 891 657 952 frons
677 888 773 967 prima
792 889 945 962 mularum,

125 1009 194 1085 Jam
214 1009 327 1072 rabiem
348 1013 495 1091 explesset
505 1035 515 1089 3
543 1013 596 1074 sed
617 1011 726 1074 nimbis
747 1011 829 1073 triste
849 1010 959 1089 paratis

128 1132 271 1194 Fulminis
292 1145 456 1195 extremum
470 1135 543 1195 nisu
564 1135 737 1195 succederet
757 1153 873 1213 agmen.

189 1258 266 1318 Mox
285 1276 376 1317 unam
397 1276 456 1335 qua
475 1267 559 1335 parte
579 1276 702 1317 manum
721 1255 895 1317 mortalibus
915 1253 999 1334 aegris

127 1381 189 1440 Cor
209 1379 292 1440 dolet
312 1379 479 1458 imponens,
501 1379 551 1440 illa
571 1399 628 1441 ceu
649 1381 729 1440 Diva
748 1380 863 1441 doleret
873 1401 883 1455 3
1061 1386 1065 1389 “
1093 1399 1132 1453 40

126 1498 230 1559 Altera
249 1498 322 1558 dum
342 1500 453 1560 collum
473 1499 568 1578 tangit
588 1501 667 1561 senis
676 1521 686 1575 ,·
713 1518 782 1560 aure
803 1511 931 1561 susurrat

127 1617 248 1680 Leniter
268 1619 386 1696 adnixa,
408 1633 438 1684 et
457 1601 598 1683 moestum
618 1641 688 1682 cum
707 1641 855 1683 murmure
876 1641 996 1684 carmen

128 1742 264 1804 Insinuat
273 1765 283 1819 ;
310 1745 392 1822 quod
413 1747 455 1806 sic
475 1745 630 1807 hominum
651 1746 694 1806 sas
715 1765 790 1807 voce
810 1746 926 1820 referre,

126 1865 180 1928 Vis
201 1886 237 1928 ea
256 1887 349 1945 parva
371 1867 449 1944 licet,
470 1871 674 1947 superumque
693 1866 858 1946 profatibus
878 1868 980 1946 impar.

187 2491 255 2550 Rex
269 2491 343 2566 bene,
362 2492 427 2552 telle
445 2493 559 2563 eculer;
577 2491 629 2551 red
644 2511 733 2568 quam
749 2493 803 2551 tibi
822 2498 945 2552 memtro
959 2493 1102 2552 salutem?

132 2616 220 2694 Quod
234 2618 358 2677 solamen
375 2619 451 2678 erit?
477 2619 524 2677 vel
537 2637 600 2693 que
620 2636 702 2676 mera
710 2616 798 2692 fella
815 2618 927 2679 delen'?

126 2738 197 2798 Non
217 2757 262 2814 ege
272 2737 384 2813 ferales
403 2738 499 2796 incuso
516 2737 643 2796 barbara
656 2742 780 2796 somnes.

126 2862 264 2939 Namque
279 2862 333 2922 tibi
351 2862 447 2921 celum
466 2861 613 2937 crepitum·
640 2867 667 2920 te
683 2878 788 2937 magne
795 2859 934 2936 secentem

126 2982 226 3042 Nescit
243 2989 323 3042 terra
338 2983 437 3041 Deum
445 3004 460 3054 ,·
485 2983 581 3042 sonitu
600 2989 628 3043 et
644 2983 741 3042 marie
760 2983 823 3042 alta
843 2982 961 3043 verendo

125 3106 299 3167 Destituant
312 3113 449 3184 sceptrum
457 3128 472 3178 ,·
499 3126 600 3168 necnon
617 3113 670 3167 tua
687 3107 817 3167 maxima
835 3108 938 3181 virtus,
1093 3124 1131 3185 50
