2512 3788
481 340 686 395 HYPERION.

81 523 212 582 Saltibus
231 523 362 596 herbosis,
383 528 410 580 et
420 523 593 597 pralabente
611 541 733 581 snsarra

78 644 238 721 Intrepidas
258 644 322 702 vili
340 644 465 701 relevare
483 644 630 701 calamina
641 643 739 718 fleres.

80 767 161 839 Illas,
182 767 276 839 Dina,
296 766 395 838 aealas,
416 772 443 822 et
460 765 582 823 terminis
602 785 654 824 ara
674 767 774 839 sereni,

79 889 146 947 Ant
164 888 235 960 aidi,
255 895 310 945 ant
326 888 433 946 seranis
443 887 552 962 forsan
573 888 678 946 arctissc
690 889 806 963 patavi.
1051 894 1089 949 60

140 1010 264 1084 Annuit,
285 1020 323 1084 et,
347 1011 471 1083 Samnis,
493 1011 576 1084 dixit,
597 1012 702 1070 vidisse
712 1019 837 1086 patate:

80 1133 119 1190 Et
140 1150 228 1207 super
248 1130 395 1208 increpuit
415 1133 518 1190 formae
539 1132 665 1191 caelestis
687 1134 792 1208 Imago
805 1154 853 1192 :-

145 1253 226 1328 Quin
245 1253 402 1329 experreila
421 1254 511 1328 chelys
531 1254 574 1311 ad
589 1255 669 1311 latas
689 1253 745 1311 ista
766 1261 875 1329 reperta
895 1262 936 1312 est

77 1376 199 1446 Aarea;
217 1377 340 1452 jaenqne
359 1381 408 1432 tna
419 1375 550 1450 pulsatis
562 1375 665 1449 pellice
683 1375 796 1434 charles

76 1498 162 1556 Anre
180 1507 277 1574 rapax
297 1499 380 1574 argili
398 1499 479 1556 visas
498 1498 642 1555 sentiscere
660 1499 808 1568 rnnnclns;

76 1621 267 1696 Prodigiaqae
284 1640 356 1679 neaa
368 1627 479 1695 partas
498 1620 614 1678 inhiare
632 1621 736 1694 caneri,

76 1743 241 1818 [ceterique
258 1743 380 1817 angiqne
397 1741 493 1799 sirnnl.
540 1740 624 1814 Quid
641 1749 738 1799 masta
759 1744 879 1802 revolvis

76 1865 266 1923 Irremcritast
291 1882 355 1938 qna
374 1864 416 1920 sic
433 1863 560 1921 dotatam
581 1880 653 1920 cara
674 1866 843 1925 anamartitl

77 1994 146 2066 Dic,
157 1993 301 2069 jnaenis,·
328 2011 452 2067 namque
470 1993 533 2067 ipsa
554 1992 613 2049 tais
633 1991 664 2048 in
683 1988 806 2047 lat'lihns
825 2008 932 2065 angam·

77 2118 140 2176 Dic
158 2118 239 2191 mihi,
259 2137 323 2193 qna
342 2119 399 2177 sela
410 2118 589 2192 jamdudum
611 2117 642 2174 in
662 2116 744 2173 litare
762 2115 876 2172 blandis
1047 2135 1084 2190 70

77 2241 238 2316 lnae'gilare
255 2243 333 2314 teris,
353 2248 380 2299 et
397 2249 523 2317 tempora
543 2260 649 2300 nascere
667 2241 739 2299 lacis

78 2362 165 2420 Sneta
185 2370 260 2421 tna:
286 2364 340 2422 tihi
357 2364 399 2421 sie
416 2365 517 2422 teneris
528 2365 708 2439 famulabar
726 2364 762 2421 ah
782 2363 877 2436 annes,

82 2483 156 2540 Cara
169 2484 302 2558 primam
325 2485 454 2559 infirmes
472 2486 582 2560 carpsit
601 2504 705 2542 manas
726 2486 815 2543 inscia
824 2485 937 2560 stares,-

78 2608 175 2665 Donec
193 2608 359 2667 inexhausti
378 2610 466 2668 rahnr
475 2609 607 2683 juvenile
626 2609 726 2665 lacerti

77 2729 196 2787 Fartins
215 2730 331 2787 herenna
344 2738 402 2805 per
419 2731 522 2788 sacala
542 2730 663 2787 tenderet
680 2749 789 2788 arcam.

82 2853 128 2911 Ta
149 2855 229 2913 mecla
248 2873 329 2912 sensa
350 2856 437 2913 libens
457 2855 561 2913 arcani
572 2854 698 2928 pellaris
716 2855 799 2930 effer:

76 2976 148 3051 Ipsa
168 2976 265 3034 Deam
286 2977 420 3051 qnoniam
442 2984 564 3035 aeteram
585 2996 641 3036 nan
663 2979 766 3037 altima
785 2999 884 3038 sacras

75 3098 202 3156 Deserni
220 3098 303 3168 seles,
315 3098 452 3172 satararn
473 3097 560 3155 dalla
580 3103 696 3157 tnararn

77 3219 221 3277 Daleihns
240 3219 297 3277 hnc
315 3218 437 3291 rnenitis,
449 3218 610 3294 formaque
629 3220 741 3278 recentis
761 3239 862 3279 arnarc.
