2512 3788
531 327 564 376 H
567 324 737 375 YPERION.

129 505 215 563 Dum
225 504 307 580 farti
325 523 385 563 meu
396 503 469 580 fata
490 522 580 562 manu
599 505 750 564 strinxisse
760 507 926 581 putabam?

137 627 308 688 Vincimurl
327 628 386 704 ipse
405 628 473 686 meis
492 628 560 686 alea
580 627 612 685 in
632 627 778 686 comtibus
797 646 896 704 anger,

129 750 316 826 Semisepulta
336 751 430 808 dalens
449 749 525 826 effeta
545 749 667 808 numina
686 750 761 811 nisu.

128 870 190 931 Nee
200 872 270 947 jam
289 872 415 947 equidem
436 872 516 931 malli
526 873 670 947 pallentia
689 874 784 932 sidera
804 879 891 946 rnatu,

128 994 192 1053 Nec
209 1001 304 1055 uentos
323 1002 461 1071 astusque
479 996 543 1065 cie,·
567 997 701 1055 mortalia
721 1015 769 1055 nec
780 996 850 1071 jam

127 1115 223 1175 Pensa
242 1117 330 1175 libens
350 1117 442 1189 recole,
462 1123 517 1175 aut
527 1124 628 1192 pacem
647 1117 775 1175 sincerus
795 1117 887 1176 adem.

129 1240 240 1300 Scilicet
258 1241 285 1298 is
305 1241 425 1315 Superis
445 1259 528 1299 amer
544 1247 592 1314 est,
612 1259 646 1299 ea
666 1241 844 1316 calpetentes

133 1363 213 1422 Cura
224 1364 325 1438 juuat.
366 1363 440 1421 Mea
460 1382 504 1421 me
521 1364 628 1436 studia,
647 1366 706 1423 enl
729 1382 824 1438 meque
842 1364 903 1439 ipse
920 1363 1024 1439 reliqui
1030 1385 1045 1434 ,·

128 1486 211 1545 Inter
227 1493 256 1544 et
273 1486 397 1545 amissas
417 1505 503 1559 arces,
523 1493 685 1561 terramque
703 1493 848 1562 receptam,
911 1494 913 1498 ’

126 1611 267 1669 Flulluat
284 1611 320 1668 id
335 1612 413 1687 quea'
428 1630 515 1669 eram.
563 1610 610 1669 Tu
629 1611 728 1668 sedula
748 1630 842 1686 quare
852 1610 986 1686 propelle,
1079 1630 1135 1668 100

127 1737 317 1811 AEtcrrusque
334 1736 426 1795 oculas
444 1735 570 1811 spatium
591 1733 744 1810 circumfer
762 1734 794 1791 in
811 1752 913 1809 amm,·

92 1830 106 1843 a
132 1859 204 1936 Qua
222 1867 288 1917 sata
307 1858 447 1917 sideribus
465 1860 526 1917 laea
546 1865 622 1932 sunt,
643 1874 711 1934 qua·
725 1858 798 1916 lucis
817 1876 909 1933 egena,

126 1982 204 2042 Aere
221 1981 300 2058 quad
307 1982 397 2057 pallet
414 1990 509 2057 uegeta,
529 1983 608 2058 quad
624 1982 710 2040 inam
720 1982 895 2058 pigrumque
912 1991 959 2054 est,

125 2105 384 2180 Flammarumque
393 2107 509 2181 plagas,
528 2112 556 2164 et
573 2112 662 2174 tatum
682 2105 768 2163 Ditis
787 2105 910 2164 lziaturn.

130 2592 161 2649 T
155 2611 176 2650 u
195 2591 304 2650 rimare
321 2591 417 2664 aculis,
438 2590 484 2649 elic
500 2597 534 2664 et,
553 2589 583 2647 si
604 2609 713 2649 cernere
723 2593 820 2667 passis

133 2714 272 2774 Umbram
292 2715 432 2789 alequam,
452 2713 533 2796 Diui
550 2713 666 2789 speciem
677 2713 819 2788 florentis,
840 2735 879 2773 an
900 2717 957 2774 alis

126 2845 183 2903 Seu
202 2863 292 2902 curru
312 2845 435 2902 residens
453 2851 572 2919 superas
587 2848 738 2919 grassetur
756 2840 800 2899 ad
815 2844 930 2898 aurasl

134 2969 248 3042 Venerit,
268 2970 472 3045 imperiumque
488 2988 575 3027 suum
596 2968 745 3038 Saturnus
763 2965 897 3025 lzabebitl

134 3091 249 3166 Venerit,
268 3100 296 3151 et
305 3091 386 3168 pilla
404 3092 528 3152 Vz'ctcna
540 3095 665 3170 plaudet
682 3094 714 3151 in
733 3095 831 3168 aura!

124 3213 238 3290 Magna
257 3215 365 3288 Deum,
375 3213 434 3291 sas
452 3222 501 3290 est,
512 3216 698 3293 pracumlcnt
715 3214 846 3288 numina,
867 3215 995 3292 clangent
