<?xml version="1.0" encoding="UTF-8"?>
<!DOCTYPE html PUBLIC "-//W3C//DTD XHTML 1.0 Transitional//EN"
    "http://www.w3.org/TR/xhtml1/DTD/xhtml1-transitional.dtd">
<html xmlns="http://www.w3.org/1999/xhtml" xml:lang="en" lang="en">
 <head>
  <title>
</title>
<meta http-equiv="Content-Type" content="text/html;charset=utf-8" />
  <meta name='ocr-system' content='tesseract 3.04.00' />
  <meta name='ocr-capabilities' content='ocr_page ocr_carea ocr_par ocr_line ocrx_word'/>
</head>
<body>
  <div class='ocr_page' id='page_1' title='image "./keatsiihyperion00merigoog_0033.png"; bbox 0 0 2512 3788; ppageno 0'>
   <div class='ocr_carea' id='block_1_1' title="bbox 525 351 731 404">
    <p class='ocr_par' dir='ltr' id='par_1_1' title="bbox 525 351 731 404">
     <span class='ocr_line' id='line_1_1' title="bbox 525 351 731 404; baseline 0.01 -2"><span class='ocrx_word' id='word_1_1' title='bbox 525 351 559 403; x_wconf 85' lang='lat' dir='ltr'><em>H</em></span> <span class='ocrx_word' id='word_1_2' title='bbox 560 352 731 404; x_wconf 81' lang='lat' dir='ltr'><em>YPERJON.</em></span> 
     </span>
    </p>
   </div>
   <div class='ocr_carea' id='block_1_2' title="bbox 126 534 930 616">
    <p class='ocr_par' dir='ltr' id='par_1_2' title="bbox 126 534 930 616">
     <span class='ocr_line' id='line_1_2' title="bbox 126 534 930 616; baseline 0 -18"><span class='ocrx_word' id='word_1_3' title='bbox 126 536 265 598; x_wconf 87' lang='lat' dir='ltr'>Condere</span> <span class='ocrx_word' id='word_1_4' title='bbox 287 555 319 596; x_wconf 92' lang='lat' dir='ltr'>se</span> <span class='ocrx_word' id='word_1_5' title='bbox 339 534 450 610; x_wconf 85' lang='lat' dir='ltr'>famuli,</span> <span class='ocrx_word' id='word_1_6' title='bbox 471 545 502 597; x_wconf 92' lang='lat' dir='ltr'>et</span> <span class='ocrx_word' id='word_1_7' title='bbox 521 537 668 597; x_wconf 85' lang='lat' dir='ltr'>confertas</span> <span class='ocrx_word' id='word_1_8' title='bbox 694 557 800 616; x_wconf 87' lang='lat' dir='ltr'>cogere</span> <span class='ocrx_word' id='word_1_9' title='bbox 821 539 930 613; x_wconf 88' lang='lat' dir='ltr'>turbas,</span> 
     </span>
    </p>
   </div>
   <div class='ocr_carea' id='block_1_3' title="bbox 82 658 1131 3309">
    <p class='ocr_par' dir='ltr' id='par_1_3' title="bbox 125 658 966 982">
     <span class='ocr_line' id='line_1_3' title="bbox 125 658 884 737; baseline 0.001 -18"><span class='ocrx_word' id='word_1_10' title='bbox 125 658 262 733; x_wconf 88' lang='lat' dir='ltr'>Attoniti,</span> <span class='ocrx_word' id='word_1_11' title='bbox 283 658 424 737; x_wconf 91' lang='lat' dir='ltr'>plenique</span> <span class='ocrx_word' id='word_1_12' title='bbox 444 669 525 718; x_wconf 91' lang='lat' dir='ltr'>metu</span> <span class='ocrx_word' id='word_1_13' title='bbox 534 680 544 734; x_wconf 89' lang='lat'>;</span> <span class='ocrx_word' id='word_1_14' title='bbox 570 678 627 719; x_wconf 92' lang='lat' dir='ltr'>nec</span> <span class='ocrx_word' id='word_1_15' title='bbox 648 661 743 720; x_wconf 91' lang='lat' dir='ltr'>secius</span> <span class='ocrx_word' id='word_1_16' title='bbox 764 660 884 720; x_wconf 88' lang='lat' dir='ltr'>horrent</span> 
     </span>
     <span class='ocr_line' id='line_1_4' title="bbox 126 781 882 859; baseline 0.003 -19"><span class='ocrx_word' id='word_1_17' title='bbox 126 781 255 859; x_wconf 82' lang='lat' dir='ltr'>Agmina</span> <span class='ocrx_word' id='word_1_18' title='bbox 274 782 382 841; x_wconf 93' lang='lat' dir='ltr'>anhela</span> <span class='ocrx_word' id='word_1_19' title='bbox 401 781 496 841; x_wconf 89' lang='lat' dir='ltr'>virum</span> <span class='ocrx_word' id='word_1_20' title='bbox 516 781 582 841; x_wconf 88' lang='lat' dir='ltr'>latis</span> <span class='ocrx_word' id='word_1_21' title='bbox 603 781 740 842; x_wconf 70' lang='lat' dir='ltr'>coeuntia</span> <span class='ocrx_word' id='word_1_22' title='bbox 760 781 882 859; x_wconf 90' lang='lat' dir='ltr'>campis,</span> 
     </span>
     <span class='ocr_line' id='line_1_5' title="bbox 127 903 966 982; baseline -0.005 -16"><span class='ocrx_word' id='word_1_23' title='bbox 127 906 205 966; x_wconf 94' lang='lat' dir='ltr'>Cum</span> <span class='ocrx_word' id='word_1_24' title='bbox 225 904 312 964; x_wconf 90' lang='lat' dir='ltr'>tellus</span> <span class='ocrx_word' id='word_1_25' title='bbox 332 903 439 978; x_wconf 89' lang='lat' dir='ltr'>tremit,</span> <span class='ocrx_word' id='word_1_26' title='bbox 461 914 492 964; x_wconf 91' lang='lat' dir='ltr'>et</span> <span class='ocrx_word' id='word_1_27' title='bbox 512 903 598 964; x_wconf 91' lang='lat' dir='ltr'>celsis</span> <span class='ocrx_word' id='word_1_28' title='bbox 620 904 715 980; x_wconf 90' lang='lat' dir='ltr'>quatit</span> <span class='ocrx_word' id='word_1_29' title='bbox 736 905 848 982; x_wconf 89' lang='lat' dir='ltr'>oppida</span> <span class='ocrx_word' id='word_1_30' title='bbox 868 903 966 964; x_wconf 91' lang='lat' dir='ltr'>muris.</span> 
     </span>
    </p>

    <p class='ocr_par' dir='ltr' id='par_1_4' title="bbox 126 1024 1131 2082">
     <span class='ocr_line' id='line_1_6' title="bbox 184 1024 965 1104; baseline 0.003 -19"><span class='ocrx_word' id='word_1_31' title='bbox 184 1028 321 1103; x_wconf 83' lang='lat' dir='ltr'>Jamque,</span> <span class='ocrx_word' id='word_1_32' title='bbox 340 1024 392 1084; x_wconf 94' lang='lat' dir='ltr'>ubi</span> <span class='ocrx_word' id='word_1_33' title='bbox 413 1026 562 1100; x_wconf 89' lang='lat' dir='ltr'>Satumus‚</span> <span class='ocrx_word' id='word_1_34' title='bbox 582 1025 682 1104; x_wconf 87' lang='lat' dir='ltr'>gelido</span> <span class='ocrx_word' id='word_1_35' title='bbox 702 1036 821 1104; x_wconf 89' lang='lat' dir='ltr'>torpore</span> <span class='ocrx_word' id='word_1_36' title='bbox 843 1027 965 1101; x_wconf 78' lang='lat' dir='ltr'>solutuS,</span> 
     </span>
     <span class='ocr_line' id='line_1_7' title="bbox 126 1149 897 1228; baseline 0.003 -20"><span class='ocrx_word' id='word_1_37' title='bbox 126 1151 184 1210; x_wconf 92' lang='lat' dir='ltr'>Per</span> <span class='ocrx_word' id='word_1_38' title='bbox 204 1149 316 1226; x_wconf 82' lang='lat' dir='ltr'>sylvam</span> <span class='ocrx_word' id='word_1_39' title='bbox 336 1149 460 1226; x_wconf 87' lang='lat' dir='ltr'>urgebat</span> <span class='ocrx_word' id='word_1_40' title='bbox 480 1151 574 1228; x_wconf 71' lang='lat' dir='ltr'>Theaej</span> <span class='ocrx_word' id='word_1_41' title='bbox 594 1149 679 1222; x_wconf 91' lang='lat' dir='ltr'>latus,</span> <span class='ocrx_word' id='word_1_42' title='bbox 700 1149 764 1226; x_wconf 94' lang='lat' dir='ltr'>ipse</span> <span class='ocrx_word' id='word_1_43' title='bbox 785 1149 897 1210; x_wconf 74' lang='lat' dir='ltr'>relictis</span> 
     </span>
     <span class='ocr_line' id='line_1_8' title="bbox 126 1270 920 1349; baseline 0 -19"><span class='ocrx_word' id='word_1_44' title='bbox 126 1273 199 1332; x_wconf 94' lang='lat' dir='ltr'>Post</span> <span class='ocrx_word' id='word_1_45' title='bbox 219 1281 333 1348; x_wconf 86' lang='lat' dir='ltr'>tergum</span> <span class='ocrx_word' id='word_1_46' title='bbox 354 1270 483 1331; x_wconf 92' lang='lat' dir='ltr'>tenebris</span> <span class='ocrx_word' id='word_1_47' title='bbox 506 1270 688 1348; x_wconf 91' lang='lat' dir='ltr'>Hyperionis</span> <span class='ocrx_word' id='word_1_48' title='bbox 708 1271 811 1349; x_wconf 87' lang='lat' dir='ltr'>igneus</span> <span class='ocrx_word' id='word_1_49' title='bbox 832 1271 920 1333; x_wconf 88' lang='lat' dir='ltr'>ardor</span> 
     </span>
     <span class='ocr_line' id='line_1_9' title="bbox 127 1393 1131 1456; baseline -0.001 -2"><span class='ocrx_word' id='word_1_50' title='bbox 127 1394 256 1456; x_wconf 87' lang='lat' dir='ltr'>Perculit</span> <span class='ocrx_word' id='word_1_51' title='bbox 276 1393 435 1455; x_wconf 92' lang='lat' dir='ltr'>occiduum</span> <span class='ocrx_word' id='word_1_52' title='bbox 455 1413 517 1454; x_wconf 93' lang='lat' dir='ltr'>non</span> <span class='ocrx_word' id='word_1_53' title='bbox 537 1394 624 1455; x_wconf 72' lang='lat' dir='ltr'>recto</span> <span class='ocrx_word' id='word_1_54' title='bbox 644 1394 739 1456; x_wconf 91' lang='lat' dir='ltr'>sidere</span> <span class='ocrx_word' id='word_1_55' title='bbox 760 1395 859 1455; x_wconf 90' lang='lat' dir='ltr'>limen.</span> <span class='ocrx_word' id='word_1_56' title='bbox 1074 1396 1131 1453; x_wconf 88' lang='lat'>180</span> 
     </span>
     <span class='ocr_line' id='line_1_10' title="bbox 128 1517 858 1596; baseline -0.004 -17"><span class='ocrx_word' id='word_1_57' title='bbox 128 1520 172 1579; x_wconf 94' lang='lat' dir='ltr'>Ut</span> <span class='ocrx_word' id='word_1_58' title='bbox 193 1517 321 1592; x_wconf 90' lang='lat' dir='ltr'>solitum,</span> <span class='ocrx_word' id='word_1_59' title='bbox 341 1519 408 1578; x_wconf 89' lang='lat' dir='ltr'>laevi</span> <span class='ocrx_word' id='word_1_60' title='bbox 429 1518 586 1578; x_wconf 88' lang='lat' dir='ltr'>dissultant</span> <span class='ocrx_word' id='word_1_61' title='bbox 605 1517 726 1596; x_wconf 84' lang='lat' dir='ltr'>cardine</span> <span class='ocrx_word' id='word_1_62' title='bbox 746 1517 858 1577; x_wconf 88' lang='lat' dir='ltr'>valvae:</span> 
     </span>
     <span class='ocr_line' id='line_1_11' title="bbox 128 1637 965 1717; baseline -0.004 -16"><span class='ocrx_word' id='word_1_63' title='bbox 128 1640 249 1701; x_wconf 69' lang='lat' dir='ltr'>Cuncta</span> <span class='ocrx_word' id='word_1_64' title='bbox 269 1637 363 1713; x_wconf 89' lang='lat' dir='ltr'>silent,</span> <span class='ocrx_word' id='word_1_65' title='bbox 385 1638 442 1699; x_wconf 92' lang='lat' dir='ltr'>nisi</span> <span class='ocrx_word' id='word_1_66' title='bbox 463 1659 538 1717; x_wconf 94' lang='lat' dir='ltr'>quos</span> <span class='ocrx_word' id='word_1_67' title='bbox 559 1638 659 1699; x_wconf 88' lang='lat' dir='ltr'>anima</span> <span class='ocrx_word' id='word_1_68' title='bbox 677 1639 850 1700; x_wconf 82' lang='lat' dir='ltr'>modulante</span> <span class='ocrx_word' id='word_1_69' title='bbox 871 1637 965 1699; x_wconf 88' lang='lat' dir='ltr'>severi</span> 
     </span>
     <span class='ocr_line' id='line_1_12' title="bbox 128 1763 930 1841; baseline -0.001 -19"><span class='ocrx_word' id='word_1_70' title='bbox 128 1763 273 1823; x_wconf 84' lang='lat' dir='ltr'>Inflavere</span> <span class='ocrx_word' id='word_1_71' title='bbox 293 1765 382 1825; x_wconf 88' lang='lat' dir='ltr'>tubos</span> <span class='ocrx_word' id='word_1_72' title='bbox 403 1763 536 1841; x_wconf 83' lang='lat' dir='ltr'>Zephyri,</span> <span class='ocrx_word' id='word_1_73' title='bbox 558 1774 751 1841; x_wconf 90' lang='lat' dir='ltr'>tenerumque</span> <span class='ocrx_word' id='word_1_74' title='bbox 771 1782 825 1840; x_wconf 94' lang='lat' dir='ltr'>per</span> <span class='ocrx_word' id='word_1_75' title='bbox 845 1781 930 1822; x_wconf 90' lang='lat' dir='ltr'>auras</span> 
     </span>
     <span class='ocr_line' id='line_1_13' title="bbox 128 1884 997 1965; baseline -0.005 -18"><span class='ocrx_word' id='word_1_76' title='bbox 128 1887 298 1965; x_wconf 89' lang='lat' dir='ltr'>Ingeminat</span> <span class='ocrx_word' id='word_1_77' title='bbox 316 1888 421 1960; x_wconf 91' lang='lat' dir='ltr'>melos,</span> <span class='ocrx_word' id='word_1_78' title='bbox 441 1896 472 1947; x_wconf 92' lang='lat' dir='ltr'>et</span> <span class='ocrx_word' id='word_1_79' title='bbox 490 1887 581 1964; x_wconf 85' lang='lat' dir='ltr'>longo</span> <span class='ocrx_word' id='word_1_80' title='bbox 601 1887 669 1946; x_wconf 89' lang='lat' dir='ltr'>loca</span> <span class='ocrx_word' id='word_1_81' title='bbox 691 1905 839 1946; x_wconf 89' lang='lat' dir='ltr'>murmure</span> <span class='ocrx_word' id='word_1_82' title='bbox 859 1884 997 1962; x_wconf 83' lang='lat' dir='ltr'>complet</span> 
     </span>
     <span class='ocr_line' id='line_1_14' title="bbox 129 2005 820 2082; baseline -0.003 -14"><span class='ocrx_word' id='word_1_83' title='bbox 129 2010 185 2069; x_wconf 95' lang='lat' dir='ltr'>Illa</span> <span class='ocrx_word' id='word_1_84' title='bbox 205 2027 281 2068; x_wconf 84' lang='lat' dir='ltr'>rosae</span> <span class='ocrx_word' id='word_1_85' title='bbox 302 2006 405 2068; x_wconf 89' lang='lat' dir='ltr'>similis</span> <span class='ocrx_word' id='word_1_86' title='bbox 425 2008 522 2066; x_wconf 86' lang='lat' dir='ltr'>forma</span> <span class='ocrx_word' id='word_1_87' title='bbox 541 2005 684 2082; x_wconf 89' lang='lat' dir='ltr'>miniique</span> <span class='ocrx_word' id='word_1_88' title='bbox 704 2007 820 2080; x_wconf 91' lang='lat' dir='ltr'>rubore,</span> 
     </span>
    </p>

    <p class='ocr_par' dir='ltr' id='par_1_5' title="bbox 128 2127 888 2451">
     <span class='ocr_line' id='line_1_15' title="bbox 129 2127 872 2206; baseline -0.007 -15"><span class='ocrx_word' id='word_1_89' title='bbox 129 2130 275 2192; x_wconf 91' lang='lat' dir='ltr'>Dulcibus</span> <span class='ocrx_word' id='word_1_90' title='bbox 296 2141 326 2192; x_wconf 92' lang='lat' dir='ltr'>et</span> <span class='ocrx_word' id='word_1_91' title='bbox 345 2128 450 2203; x_wconf 85' lang='lat' dir='ltr'>ventis,</span> <span class='ocrx_word' id='word_1_92' title='bbox 472 2138 502 2189; x_wconf 94' lang='lat' dir='ltr'>et</span> <span class='ocrx_word' id='word_1_93' title='bbox 521 2129 627 2206; x_wconf 85' lang='lat' dir='ltr'>frigore</span> <span class='ocrx_word' id='word_1_94' title='bbox 647 2138 733 2204; x_wconf 90' lang='lat' dir='ltr'>porta</span> <span class='ocrx_word' id='word_1_95' title='bbox 752 2127 872 2202; x_wconf 92' lang='lat' dir='ltr'>recenti,</span> 
     </span>
     <span class='ocr_line' id='line_1_16' title="bbox 129 2249 888 2330; baseline -0.005 -17"><span class='ocrx_word' id='word_1_96' title='bbox 129 2251 277 2330; x_wconf 88' lang='lat' dir='ltr'>Explicuit</span> <span class='ocrx_word' id='word_1_97' title='bbox 297 2252 409 2325; x_wconf 91' lang='lat' dir='ltr'>florem,</span> <span class='ocrx_word' id='word_1_98' title='bbox 433 2249 625 2327; x_wconf 90' lang='lat' dir='ltr'>Dominoque</span> <span class='ocrx_word' id='word_1_99' title='bbox 646 2250 739 2309; x_wconf 85' lang='lat' dir='ltr'>effusa</span> <span class='ocrx_word' id='word_1_100' title='bbox 756 2251 888 2326; x_wconf 91' lang='lat' dir='ltr'>patebat,</span> 
     </span>
     <span class='ocr_line' id='line_1_17' title="bbox 128 2369 866 2451; baseline -0.005 -17"><span class='ocrx_word' id='word_1_101' title='bbox 128 2376 259 2451; x_wconf 89' lang='lat' dir='ltr'>Jamjam</span> <span class='ocrx_word' id='word_1_102' title='bbox 279 2373 445 2450; x_wconf 88' lang='lat' dir='ltr'>ingressuro</span> <span class='ocrx_word' id='word_1_103' title='bbox 467 2370 564 2430; x_wconf 71' lang='lat' dir='ltr'>sancti</span> <span class='ocrx_word' id='word_1_104' title='bbox 584 2369 748 2448; x_wconf 87' lang='lat' dir='ltr'>penetralia</span> <span class='ocrx_word' id='word_1_105' title='bbox 766 2372 866 2430; x_wconf 87' lang='lat' dir='ltr'>fastus.</span> 
     </span>
    </p>

    <p class='ocr_par' dir='ltr' id='par_1_6' title="bbox 128 2492 1131 3061">
     <span class='ocr_line' id='line_1_18' title="bbox 189 2492 915 2571; baseline 0 -17"><span class='ocrx_word' id='word_1_106' title='bbox 189 2498 231 2555; x_wconf 90' lang='lat' dir='ltr'>At</span> <span class='ocrx_word' id='word_1_107' title='bbox 252 2497 335 2555; x_wconf 93' lang='lat' dir='ltr'>Deus</span> <span class='ocrx_word' id='word_1_108' title='bbox 356 2493 524 2571; x_wconf 86' lang='lat' dir='ltr'>ingrediens</span> <span class='ocrx_word' id='word_1_109' title='bbox 544 2493 680 2554; x_wconf 89' lang='lat' dir='ltr'>animosa</span> <span class='ocrx_word' id='word_1_110' title='bbox 700 2493 835 2554; x_wconf 91' lang='lat' dir='ltr'>efferbuit</span> <span class='ocrx_word' id='word_1_111' title='bbox 854 2492 896 2554; x_wconf 90' lang='lat' dir='ltr'>ira</span> <span class='ocrx_word' id='word_1_112' title='bbox 906 2516 915 2570; x_wconf 91' lang='lat'>;</span> 
     </span>
     <span class='ocr_line' id='line_1_19' title="bbox 128 2616 1131 2698; baseline -0.002 -18"><span class='ocrx_word' id='word_1_113' title='bbox 128 2621 246 2698; x_wconf 81' lang='lat' dir='ltr'>Flagrat</span> <span class='ocrx_word' id='word_1_114' title='bbox 265 2639 345 2698; x_wconf 90' lang='lat' dir='ltr'>pone</span> <span class='ocrx_word' id='word_1_115' title='bbox 365 2620 460 2680; x_wconf 92' lang='lat' dir='ltr'>fluens</span> <span class='ocrx_word' id='word_1_116' title='bbox 481 2638 499 2679; x_wconf 92' lang='lat' dir='ltr'>a</span> <span class='ocrx_word' id='word_1_117' title='bbox 519 2618 649 2679; x_wconf 89' lang='lat' dir='ltr'>calcibus</span> <span class='ocrx_word' id='word_1_118' title='bbox 670 2616 761 2678; x_wconf 88' lang='lat' dir='ltr'>incita</span> <span class='ocrx_word' id='word_1_119' title='bbox 780 2619 869 2679; x_wconf 89' lang='lat' dir='ltr'>vestis</span> <span class='ocrx_word' id='word_1_120' title='bbox 952 2673 953 2677; x_wconf 74' lang='grc'>,</span> <span class='ocrx_word' id='word_1_121' title='bbox 1075 2639 1131 2695; x_wconf 87' lang='lat'>190</span> 
     </span>
     <span class='ocr_line' id='line_1_20' title="bbox 128 2738 817 2820; baseline -0.006 -18"><span class='ocrx_word' id='word_1_122' title='bbox 128 2741 256 2820; x_wconf 87' lang='lat' dir='ltr'>Mugitu,</span> <span class='ocrx_word' id='word_1_123' title='bbox 277 2741 395 2817; x_wconf 92' lang='lat' dir='ltr'>qualem</span> <span class='ocrx_word' id='word_1_124' title='bbox 416 2751 548 2801; x_wconf 91' lang='lat' dir='ltr'>terrenus</span> <span class='ocrx_word' id='word_1_125' title='bbox 569 2739 701 2816; x_wconf 90' lang='lat' dir='ltr'>concipit</span> <span class='ocrx_word' id='word_1_126' title='bbox 721 2738 817 2816; x_wconf 82' lang='lat' dir='ltr'>ignis3</span> 
     </span>
     <span class='ocr_line' id='line_1_21' title="bbox 128 2860 912 2941; baseline -0.001 -18"><span class='ocrx_word' id='word_1_127' title='bbox 128 2865 199 2940; x_wconf 89' lang='lat' dir='ltr'>Quo</span> <span class='ocrx_word' id='word_1_128' title='bbox 219 2863 306 2925; x_wconf 90' lang='lat' dir='ltr'>mites</span> <span class='ocrx_word' id='word_1_129' title='bbox 326 2863 424 2941; x_wconf 85' lang='lat' dir='ltr'>fugere</span> <span class='ocrx_word' id='word_1_130' title='bbox 446 2865 549 2937; x_wconf 87' lang='lat' dir='ltr'>Horae,</span> <span class='ocrx_word' id='word_1_131' title='bbox 570 2860 737 2939; x_wconf 92' lang='lat' dir='ltr'>plumisque</span> <span class='ocrx_word' id='word_1_132' title='bbox 757 2862 912 2938; x_wconf 89' lang='lat' dir='ltr'>palumbes</span> 
     </span>
     <span class='ocr_line' id='line_1_22' title="bbox 129 2984 939 3061; baseline -0.005 -12"><span class='ocrx_word' id='word_1_133' title='bbox 129 2989 343 3049; x_wconf 89' lang='lat' dir='ltr'>Contremuere</span> <span class='ocrx_word' id='word_1_134' title='bbox 365 2988 447 3045; x_wconf 88' lang='lat' dir='ltr'>Deae.</span> <span class='ocrx_word' id='word_1_135' title='bbox 490 2984 563 3045; x_wconf 92' lang='lat' dir='ltr'>Ruit</span> <span class='ocrx_word' id='word_1_136' title='bbox 583 2984 633 3045; x_wconf 94' lang='lat' dir='ltr'>ille</span> <span class='ocrx_word' id='word_1_137' title='bbox 653 2984 795 3061; x_wconf 92' lang='lat' dir='ltr'>ardetque</span> <span class='ocrx_word' id='word_1_138' title='bbox 815 2984 939 3060; x_wconf 92' lang='lat' dir='ltr'>ruendo,</span> 
     </span>
    </p>

    <p class='ocr_par' dir='ltr' id='par_1_7' title="bbox 82 3107 944 3309">
     <span class='ocr_line' id='line_1_23' title="bbox 82 3107 944 3187; baseline -0.002 -17"><span class='ocrx_word' id='word_1_139' title='bbox 82 3160 87 3178; x_wconf 77' lang='grc'>,</span> <span class='ocrx_word' id='word_1_140' title='bbox 128 3108 275 3170; x_wconf 90' lang='lat' dir='ltr'>Sublimes</span> <span class='ocrx_word' id='word_1_141' title='bbox 295 3107 413 3187; x_wconf 85' lang='lat' dir='ltr'>rapiens</span> <span class='ocrx_word' id='word_1_142' title='bbox 434 3108 525 3183; x_wconf 90' lang='lat' dir='ltr'>aulas,</span> <span class='ocrx_word' id='word_1_143' title='bbox 547 3108 752 3184; x_wconf 89' lang='lat' dir='ltr'>thalamosque</span> <span class='ocrx_word' id='word_1_144' title='bbox 772 3127 924 3185; x_wconf 86' lang='lat' dir='ltr'>pererrans</span> <span class='ocrx_word' id='word_1_145' title='bbox 935 3130 944 3182; x_wconf 76' lang='lat'>3</span> 
     </span>
     <span class='ocr_line' id='line_1_24' title="bbox 128 3229 925 3309; baseline 0.001 -18"><span class='ocrx_word' id='word_1_146' title='bbox 128 3232 256 3309; x_wconf 89' lang='lat' dir='ltr'>Quaque</span> <span class='ocrx_word' id='word_1_147' title='bbox 277 3229 389 3293; x_wconf 87' lang='lat' dir='ltr'>intexta</span> <span class='ocrx_word' id='word_1_148' title='bbox 409 3249 498 3309; x_wconf 84' lang='lat' dir='ltr'>vagas</span> <span class='ocrx_word' id='word_1_149' title='bbox 518 3231 647 3308; x_wconf 83' lang='lat' dir='ltr'>fragrant</span> <span class='ocrx_word' id='word_1_150' title='bbox 666 3229 816 3308; x_wconf 86' lang='lat' dir='ltr'>laquearia</span> <span class='ocrx_word' id='word_1_151' title='bbox 835 3231 925 3305; x_wconf 72' lang='lat' dir='ltr'>luces</span> 
     </span>
    </p>
   </div>
   <div class='ocr_carea' id='block_1_4' title="bbox 0 0 1265 3788">
    <p class='ocr_par' dir='ltr' id='par_1_8' title="bbox 0 0 1265 3788">
     <span class='ocr_line' id='line_1_25' title="bbox 0 0 1265 3788; baseline 0 0"><span class='ocrx_word' id='word_1_152' title='bbox 0 0 1265 3788; x_wconf 95' lang='lat' dir='ltr'> </span> 
     </span>
    </p>
   </div>
  </div>
 </body>
</html>
