<?xml version="1.0" encoding="UTF-8"?>
<!DOCTYPE html PUBLIC "-//W3C//DTD XHTML 1.0 Transitional//EN"
    "http://www.w3.org/TR/xhtml1/DTD/xhtml1-transitional.dtd">
<html xmlns="http://www.w3.org/1999/xhtml" xml:lang="en" lang="en">
 <head>
  <title>
</title>
<meta http-equiv="Content-Type" content="text/html;charset=utf-8" />
  <meta name='ocr-system' content='tesseract 3.04.00' />
  <meta name='ocr-capabilities' content='ocr_page ocr_carea ocr_par ocr_line ocrx_word'/>
</head>
<body>
  <div class='ocr_page' id='page_1' title='image "./keatsiihyperion00merigoog_0051.png"; bbox 0 0 2512 3788; ppageno 0'>
   <div class='ocr_carea' id='block_1_1' title="bbox 527 328 732 380">
    <p class='ocr_par' dir='ltr' id='par_1_1' title="bbox 527 328 732 380">
     <span class='ocr_line' id='line_1_1' title="bbox 527 328 732 380; baseline 0 0"><span class='ocrx_word' id='word_1_1' title='bbox 527 330 562 380; x_wconf 85' lang='lat' dir='ltr'><em>H</em></span> <span class='ocrx_word' id='word_1_2' title='bbox 562 329 676 379; x_wconf 81' lang='lat' dir='ltr'><em>l&#39;PERI</em></span> <span class='ocrx_word' id='word_1_3' title='bbox 675 328 732 380; x_wconf 80' lang='grc' dir='ltr'><strong>ΟΝ.</strong></span> 
     </span>
    </p>
   </div>
   <div class='ocr_carea' id='block_1_2' title="bbox 126 510 1126 1938">
    <p class='ocr_par' dir='ltr' id='par_1_2' title="bbox 126 510 877 711">
     <span class='ocr_line' id='line_1_2' title="bbox 126 510 877 589; baseline 0 -19"><span class='ocrx_word' id='word_1_4' title='bbox 126 514 228 588; x_wconf 89' lang='lat' dir='ltr'>Atque</span> <span class='ocrx_word' id='word_1_5' title='bbox 248 513 290 572; x_wconf 92' lang='lat' dir='ltr'><strong>ita</strong></span> <span class='ocrx_word' id='word_1_6' title='bbox 310 510 440 573; x_wconf 87' lang='lat' dir='ltr'><strong>terrificis</strong></span> <span class='ocrx_word' id='word_1_7' title='bbox 460 522 660 572; x_wconf 88' lang='lat' dir='ltr'><strong>monstromm</strong></span> <span class='ocrx_word' id='word_1_8' title='bbox 679 511 760 572; x_wconf 91' lang='lat' dir='ltr'><strong>mille</strong></span> <span class='ocrx_word' id='word_1_9' title='bbox 780 511 877 589; x_wconf 84' lang='lat' dir='ltr'><strong>figuris</strong></span> 
     </span>
     <span class='ocr_line' id='line_1_3' title="bbox 127 633 864 711; baseline -0.004 -17"><span class='ocrx_word' id='word_1_10' title='bbox 127 633 293 694; x_wconf 90' lang='lat' dir='ltr'><strong>Obducunt</strong></span> <span class='ocrx_word' id='word_1_11' title='bbox 313 633 404 711; x_wconf 87' lang='lat' dir='ltr'><strong>digno</strong></span> <span class='ocrx_word' id='word_1_12' title='bbox 425 642 501 694; x_wconf 85' lang='lat' dir='ltr'><strong>tetra</strong></span> <span class='ocrx_word' id='word_1_13' title='bbox 520 634 585 694; x_wconf 84' lang='lat' dir='ltr'><strong>haec</strong></span> <span class='ocrx_word' id='word_1_14' title='bbox 605 633 754 693; x_wconf 87' lang='lat' dir='ltr'><strong>cunabula</strong></span> <span class='ocrx_word' id='word_1_15' title='bbox 773 633 864 694; x_wconf 73' lang='lat' dir='ltr'><strong>tedio.</strong></span> 
     </span>
    </p>

    <p class='ocr_par' dir='ltr' id='par_1_3' title="bbox 127 753 939 955">
     <span class='ocr_line' id='line_1_4' title="bbox 127 753 868 832; baseline 0.003 -18"><span class='ocrx_word' id='word_1_16' title='bbox 127 757 187 815; x_wconf 93' lang='lat' dir='ltr'><strong>Pro</strong></span> <span class='ocrx_word' id='word_1_17' title='bbox 208 754 289 815; x_wconf 90' lang='lat' dir='ltr'><strong>soliis</strong></span> <span class='ocrx_word' id='word_1_18' title='bbox 309 753 408 816; x_wconf 91' lang='lat' dir='ltr'><strong>miseri</strong></span> <span class='ocrx_word' id='word_1_19' title='bbox 429 754 542 815; x_wconf 88' lang='lat' dir='ltr'><strong>silicem</strong></span> <span class='ocrx_word' id='word_1_20' title='bbox 562 754 707 830; x_wconf 88' lang='lat' dir='ltr'><strong>insedere,</strong></span> <span class='ocrx_word' id='word_1_21' title='bbox 727 764 868 832; x_wconf 88' lang='lat' dir='ltr'><strong>torosque</strong></span> 
     </span>
     <span class='ocr_line' id='line_1_5' title="bbox 128 877 939 955; baseline 0 -19"><span class='ocrx_word' id='word_1_22' title='bbox 128 877 293 938; x_wconf 90' lang='lat' dir='ltr'><strong>Muricibus</strong></span> <span class='ocrx_word' id='word_1_23' title='bbox 314 877 453 951; x_wconf 66' lang='lat' dir='ltr'><strong>structos,</strong></span> <span class='ocrx_word' id='word_1_24' title='bbox 473 878 609 954; x_wconf 89' lang='lat' dir='ltr'><strong>ferroque</strong></span> <span class='ocrx_word' id='word_1_25' title='bbox 630 878 791 938; x_wconf 86' lang='lat' dir='ltr'><strong>adamanta</strong></span> <span class='ocrx_word' id='word_1_26' title='bbox 810 877 939 955; x_wconf 87' lang='lat' dir='ltr'><strong>ligatum.</strong></span> 
     </span>
    </p>

    <p class='ocr_par' dir='ltr' id='par_1_4' title="bbox 128 999 956 1202">
     <span class='ocr_line' id='line_1_6' title="bbox 128 999 956 1074; baseline -0.001 -13"><span class='ocrx_word' id='word_1_27' title='bbox 128 1004 201 1063; x_wconf 90' lang='lat' dir='ltr'><strong>Non</strong></span> <span class='ocrx_word' id='word_1_28' title='bbox 221 1021 326 1063; x_wconf 90' lang='lat' dir='ltr'><strong>omnes</strong></span> <span class='ocrx_word' id='word_1_29' title='bbox 346 1001 484 1062; x_wconf 87' lang='lat' dir='ltr'><strong>aderant:</strong></span> <span class='ocrx_word' id='word_1_30' title='bbox 511 999 586 1060; x_wconf 89' lang='lat' dir='ltr'><strong>alios</strong></span> <span class='ocrx_word' id='word_1_31' title='bbox 607 1002 668 1061; x_wconf 87' lang='lat' dir='ltr'><strong>fera</strong></span> <span class='ocrx_word' id='word_1_32' title='bbox 687 1003 786 1062; x_wconf 88' lang='lat' dir='ltr'><strong>vincla</strong></span> <span class='ocrx_word' id='word_1_33' title='bbox 805 1003 956 1074; x_wconf 89' lang='lat' dir='ltr'><strong>tenebant,</strong></span> 
     </span>
     <span class='ocr_line' id='line_1_7' title="bbox 128 1122 809 1202; baseline 0 -18"><span class='ocrx_word' id='word_1_34' title='bbox 128 1125 279 1202; x_wconf 89' lang='lat' dir='ltr'><strong>Diffugere</strong></span> <span class='ocrx_word' id='word_1_35' title='bbox 299 1122 364 1184; x_wconf 89' lang='lat' dir='ltr'><strong>alii:</strong></span> <span class='ocrx_word' id='word_1_36' title='bbox 389 1123 442 1183; x_wconf 92' lang='lat' dir='ltr'><strong>sed</strong></span> <span class='ocrx_word' id='word_1_37' title='bbox 463 1122 576 1183; x_wconf 92' lang='lat' dir='ltr'><strong>anhelis</strong></span> <span class='ocrx_word' id='word_1_38' title='bbox 596 1124 730 1183; x_wconf 86' lang='lat' dir='ltr'><strong>faucibus</strong></span> <span class='ocrx_word' id='word_1_39' title='bbox 750 1123 809 1184; x_wconf 90' lang='lat' dir='ltr'><strong>illic</strong></span> 
     </span>
    </p>

    <p class='ocr_par' dir='ltr' id='par_1_5' title="bbox 126 1247 1126 1568">
     <span class='ocr_line' id='line_1_8' title="bbox 127 1247 1043 1326; baseline -0.003 -16"><span class='ocrx_word' id='word_1_40' title='bbox 127 1251 206 1310; x_wconf 90' lang='lat' dir='ltr'><strong>Cum</strong></span> <span class='ocrx_word' id='word_1_41' title='bbox 227 1250 301 1311; x_wconf 90' lang='lat' dir='ltr'><strong>Caeo</strong></span> <span class='ocrx_word' id='word_1_42' title='bbox 321 1250 454 1321; x_wconf 76' lang='lat' dir='ltr'><strong>Antaeus,</strong></span> <span class='ocrx_word' id='word_1_43' title='bbox 477 1247 679 1325; x_wconf 87' lang='lat' dir='ltr'><strong>Briareusque,</strong></span> <span class='ocrx_word' id='word_1_44' title='bbox 700 1248 857 1324; x_wconf 90' lang='lat' dir='ltr'><strong>audaxque</strong></span> <span class='ocrx_word' id='word_1_45' title='bbox 877 1248 1043 1326; x_wconf 72' lang='lat' dir='ltr'><strong>Typhoeus,</strong></span> 
     </span>
     <span class='ocr_line' id='line_1_9' title="bbox 126 1367 1126 1446; baseline 0.003 -19"><span class='ocrx_word' id='word_1_46' title='bbox 126 1367 381 1446; x_wconf 87' lang='lat' dir='ltr'><strong>Porphyrionque‚</strong></span> <span class='ocrx_word' id='word_1_47' title='bbox 402 1370 551 1445; x_wconf 90' lang='lat' dir='ltr'><strong>Gyasque‚</strong></span> <span class='ocrx_word' id='word_1_48' title='bbox 573 1378 604 1429; x_wconf 93' lang='lat' dir='ltr'><strong>et</strong></span> <span class='ocrx_word' id='word_1_49' title='bbox 625 1388 751 1446; x_wconf 91' lang='lat' dir='ltr'><strong>quorum</strong></span> <span class='ocrx_word' id='word_1_50' title='bbox 771 1371 914 1438; x_wconf 90' lang='lat' dir='ltr'><strong>acerrima</strong></span> <span class='ocrx_word' id='word_1_51' title='bbox 932 1371 1032 1445; x_wconf 87' lang='lat' dir='ltr'><strong>virtus,</strong></span> <span class='ocrx_word' id='word_1_52' title='bbox 1090 1389 1126 1430; x_wconf 84' lang='lat'><strong>20</strong></span> 
     </span>
     <span class='ocr_line' id='line_1_10' title="bbox 126 1490 849 1568; baseline 0.004 -18"><span class='ocrx_word' id='word_1_53' title='bbox 126 1492 299 1553; x_wconf 85' lang='lat' dir='ltr'><strong>Volvebant</strong></span> <span class='ocrx_word' id='word_1_54' title='bbox 319 1491 447 1552; x_wconf 90' lang='lat' dir='ltr'><strong>densum</strong></span> <span class='ocrx_word' id='word_1_55' title='bbox 466 1490 645 1568; x_wconf 91' lang='lat' dir='ltr'><strong>compressis</strong></span> <span class='ocrx_word' id='word_1_56' title='bbox 666 1497 733 1552; x_wconf 78' lang='lat' dir='ltr'><strong>ae&#39;ra</strong></span> <span class='ocrx_word' id='word_1_57' title='bbox 752 1493 849 1553; x_wconf 92' lang='lat' dir='ltr'><strong>labris.</strong></span> 
     </span>
    </p>

    <p class='ocr_par' dir='ltr' id='par_1_6' title="bbox 127 1612 770 1691">
     <span class='ocr_line' id='line_1_11' title="bbox 127 1612 770 1691; baseline 0 -17"><span class='ocrx_word' id='word_1_58' title='bbox 127 1612 196 1674; x_wconf 91' lang='lat' dir='ltr'><strong>Illic</strong></span> <span class='ocrx_word' id='word_1_59' title='bbox 215 1624 247 1674; x_wconf 93' lang='lat' dir='ltr'><strong>et</strong></span> <span class='ocrx_word' id='word_1_60' title='bbox 266 1632 366 1674; x_wconf 87' lang='lat' dir='ltr'><strong>crassa</strong></span> <span class='ocrx_word' id='word_1_61' title='bbox 385 1631 483 1674; x_wconf 90' lang='lat' dir='ltr'><strong>rerum</strong></span> <span class='ocrx_word' id='word_1_62' title='bbox 503 1627 649 1691; x_wconf 82' lang='lat' dir='ltr'><strong>compage</strong></span> <span class='ocrx_word' id='word_1_63' title='bbox 669 1615 770 1674; x_wconf 64' lang='lat' dir='ltr'><strong>coacti</strong></span> 
     </span>
    </p>

    <p class='ocr_par' dir='ltr' id='par_1_7' title="bbox 127 1735 935 1938">
     <span class='ocr_line' id='line_1_12' title="bbox 127 1735 935 1815; baseline 0.001 -17"><span class='ocrx_word' id='word_1_64' title='bbox 127 1737 296 1798; x_wconf 87' lang='lat' dir='ltr'><strong>Obfirmant</strong></span> <span class='ocrx_word' id='word_1_65' title='bbox 317 1736 432 1811; x_wconf 89' lang='lat' dir='ltr'><strong>dentes,</strong></span> <span class='ocrx_word' id='word_1_66' title='bbox 454 1746 485 1797; x_wconf 90' lang='lat' dir='ltr'><strong>et</strong></span> <span class='ocrx_word' id='word_1_67' title='bbox 504 1735 607 1797; x_wconf 89' lang='lat' dir='ltr'><strong>mollia</strong></span> <span class='ocrx_word' id='word_1_68' title='bbox 627 1738 761 1797; x_wconf 88' lang='lat' dir='ltr'><strong>membra</strong></span> <span class='ocrx_word' id='word_1_69' title='bbox 780 1739 935 1815; x_wconf 85' lang='lat' dir='ltr'><strong>rigescunt,</strong></span> 
     </span>
     <span class='ocr_line' id='line_1_13' title="bbox 127 1858 935 1938; baseline 0.002 -17"><span class='ocrx_word' id='word_1_70' title='bbox 127 1858 308 1921; x_wconf 69' lang='lat' dir='ltr'><strong>Constridtae</strong></span> <span class='ocrx_word' id='word_1_71' title='bbox 328 1870 362 1920; x_wconf 94' lang='lat' dir='ltr'><strong>ut</strong></span> <span class='ocrx_word' id='word_1_72' title='bbox 382 1860 457 1921; x_wconf 90' lang='lat' dir='ltr'><strong>duro</strong></span> <span class='ocrx_word' id='word_1_73' title='bbox 477 1859 625 1938; x_wconf 84' lang='lat' dir='ltr'><strong>riguemnt</strong></span> <span class='ocrx_word' id='word_1_74' title='bbox 646 1880 792 1921; x_wconf 88' lang='lat' dir='ltr'><strong>mannore</strong></span> <span class='ocrx_word' id='word_1_75' title='bbox 812 1881 935 1923; x_wconf 85' lang='lat' dir='ltr'><strong>massae:</strong></span> 
     </span>
    </p>
   </div>
   <div class='ocr_carea' id='block_1_3' title="bbox 126 1981 978 2064">
    <p class='ocr_par' dir='ltr' id='par_1_8' title="bbox 126 1981 978 2064">
     <span class='ocr_line' id='line_1_14' title="bbox 126 1981 978 2064; baseline 0.007 -22"><span class='ocrx_word' id='word_1_76' title='bbox 126 1986 193 2044; x_wconf 91' lang='lat' dir='ltr'><strong>Nec</strong></span> <span class='ocrx_word' id='word_1_77' title='bbox 214 1993 313 2044; x_wconf 89' lang='lat' dir='ltr'><strong>motus</strong></span> <span class='ocrx_word' id='word_1_78' title='bbox 332 1981 390 2043; x_wconf 91' lang='lat' dir='ltr'><strong>nisi</strong></span> <span class='ocrx_word' id='word_1_79' title='bbox 411 1984 509 2044; x_wconf 90' lang='lat' dir='ltr'><strong>cordis</strong></span> <span class='ocrx_word' id='word_1_80' title='bbox 530 1993 601 2058; x_wconf 89' lang='lat' dir='ltr'><strong>erat,</strong></span> <span class='ocrx_word' id='word_1_81' title='bbox 623 1985 706 2062; x_wconf 94' lang='lat' dir='ltr'><strong>quod</strong></span> <span class='ocrx_word' id='word_1_82' title='bbox 726 2005 843 2063; x_wconf 90' lang='lat' dir='ltr'><strong>semper</strong></span> <span class='ocrx_word' id='word_1_83' title='bbox 861 1986 978 2064; x_wconf 91' lang='lat' dir='ltr'><strong>iniquus</strong></span> 
     </span>
    </p>
   </div>
   <div class='ocr_carea' id='block_1_4' title="bbox 125 2103 1124 3040">
    <p class='ocr_par' dir='ltr' id='par_1_9' title="bbox 126 2103 976 2307">
     <span class='ocr_line' id='line_1_15' title="bbox 126 2103 976 2184; baseline 0.002 -19"><span class='ocrx_word' id='word_1_84' title='bbox 126 2106 332 2181; x_wconf 87' lang='lat' dir='ltr'><strong>Contorquere</strong></span> <span class='ocrx_word' id='word_1_85' title='bbox 352 2104 445 2179; x_wconf 87' lang='lat' dir='ltr'><strong>labor,</strong></span> <span class='ocrx_word' id='word_1_86' title='bbox 467 2103 656 2181; x_wconf 89' lang='lat' dir='ltr'><strong>tumidusque</strong></span> <span class='ocrx_word' id='word_1_87' title='bbox 677 2104 828 2183; x_wconf 91' lang='lat' dir='ltr'><strong>impellere</strong></span> <span class='ocrx_word' id='word_1_88' title='bbox 849 2107 976 2184; x_wconf 83' lang='lat' dir='ltr'><strong>sanguis.</strong></span> 
     </span>
     <span class='ocr_line' id='line_1_16' title="bbox 127 2227 845 2307; baseline 0.004 -20"><span class='ocrx_word' id='word_1_89' title='bbox 127 2231 326 2306; x_wconf 91' lang='lat' dir='ltr'><strong>Mnemosyne</strong></span> <span class='ocrx_word' id='word_1_90' title='bbox 347 2227 430 2289; x_wconf 89' lang='lat' dir='ltr'><strong>terris</strong></span> <span class='ocrx_word' id='word_1_91' title='bbox 450 2230 576 2303; x_wconf 90' lang='lat' dir='ltr'><strong>errabat,</strong></span> <span class='ocrx_word' id='word_1_92' title='bbox 598 2238 628 2289; x_wconf 95' lang='lat' dir='ltr'><strong>et</strong></span> <span class='ocrx_word' id='word_1_93' title='bbox 648 2248 737 2290; x_wconf 90' lang='lat' dir='ltr'><strong>aurea</strong></span> <span class='ocrx_word' id='word_1_94' title='bbox 757 2230 845 2307; x_wconf 90' lang='lat' dir='ltr'><strong>longe</strong></span> 
     </span>
    </p>

    <p class='ocr_par' dir='ltr' id='par_1_10' title="bbox 126 2350 820 2428">
     <span class='ocr_line' id='line_1_17' title="bbox 126 2350 820 2428; baseline 0.006 -19"><span class='ocrx_word' id='word_1_95' title='bbox 126 2350 303 2411; x_wconf 89' lang='lat' dir='ltr'><strong>Palabunda</strong></span> <span class='ocrx_word' id='word_1_96' title='bbox 323 2369 378 2412; x_wconf 93' lang='lat' dir='ltr'><strong>suo</strong></span> <span class='ocrx_word' id='word_1_97' title='bbox 398 2351 515 2412; x_wconf 91' lang='lat' dir='ltr'><strong>Phoebe</strong></span> <span class='ocrx_word' id='word_1_98' title='bbox 536 2351 711 2413; x_wconf 89' lang='lat' dir='ltr'><strong>discesserat</strong></span> <span class='ocrx_word' id='word_1_99' title='bbox 732 2354 820 2428; x_wconf 77' lang='lat' dir='ltr'><strong>orbe,-</strong></span> 
     </span>
    </p>

    <p class='ocr_par' dir='ltr' id='par_1_11' title="bbox 126 2470 961 2550">
     <span class='ocr_line' id='line_1_18' title="bbox 126 2470 961 2550; baseline 0.005 -19"><span class='ocrx_word' id='word_1_100' title='bbox 126 2473 227 2548; x_wconf 87' lang='lat' dir='ltr'><strong>Atque</strong></span> <span class='ocrx_word' id='word_1_101' title='bbox 247 2470 312 2532; x_wconf 92' lang='lat' dir='ltr'><strong>aliis</strong></span> <span class='ocrx_word' id='word_1_102' title='bbox 330 2483 512 2549; x_wconf 85' lang='lat' dir='ltr'><strong>praesumpta</strong></span> <span class='ocrx_word' id='word_1_103' title='bbox 531 2474 607 2550; x_wconf 87' lang='lat' dir='ltr'><strong>fugae</strong></span> <span class='ocrx_word' id='word_1_104' title='bbox 627 2474 676 2533; x_wconf 88' lang='lat' dir='ltr'><strong>via</strong></span> <span class='ocrx_word' id='word_1_105' title='bbox 682 2495 691 2548; x_wconf 82' lang='lat'>3</span> <span class='ocrx_word' id='word_1_106' title='bbox 711 2473 775 2535; x_wconf 86' lang='lat' dir='ltr'><strong>dira</strong></span> <span class='ocrx_word' id='word_1_107' title='bbox 795 2475 848 2535; x_wconf 92' lang='lat' dir='ltr'><strong>sed</strong></span> <span class='ocrx_word' id='word_1_108' title='bbox 869 2476 961 2535; x_wconf 89' lang='lat' dir='ltr'><strong>ambit</strong></span> 
     </span>
    </p>

    <p class='ocr_par' dir='ltr' id='par_1_12' title="bbox 126 2594 1124 2797">
     <span class='ocr_line' id='line_1_19' title="bbox 127 2594 1124 2672; baseline 0.002 -19"><span class='ocrx_word' id='word_1_109' title='bbox 127 2596 200 2654; x_wconf 93' lang='lat' dir='ltr'><strong>Hoc</strong></span> <span class='ocrx_word' id='word_1_110' title='bbox 220 2594 377 2671; x_wconf 92' lang='lat' dir='ltr'><strong>plerosque</strong></span> <span class='ocrx_word' id='word_1_111' title='bbox 397 2612 473 2655; x_wconf 92' lang='lat' dir='ltr'><strong>cavo</strong></span> <span class='ocrx_word' id='word_1_112' title='bbox 494 2595 633 2656; x_wconf 88' lang='lat' dir='ltr'><strong>feralibus</strong></span> <span class='ocrx_word' id='word_1_113' title='bbox 651 2598 757 2656; x_wconf 90' lang='lat' dir='ltr'><strong>umbra</strong></span> <span class='ocrx_word' id='word_1_114' title='bbox 776 2596 902 2658; x_wconf 91' lang='lat' dir='ltr'><strong>latebris.</strong></span> <span class='ocrx_word' id='word_1_115' title='bbox 1087 2619 1124 2672; x_wconf 84' lang='lat'><strong>30</strong></span> 
     </span>
     <span class='ocr_line' id='line_1_20' title="bbox 126 2716 801 2797; baseline 0.009 -23"><span class='ocrx_word' id='word_1_116' title='bbox 126 2716 187 2776; x_wconf 85' lang='lat' dir='ltr'><strong>Vix</strong></span> <span class='ocrx_word' id='word_1_117' title='bbox 205 2716 281 2777; x_wconf 84' lang='lat' dir='ltr'><strong>vivae</strong></span> <span class='ocrx_word' id='word_1_118' title='bbox 301 2718 412 2796; x_wconf 86' lang='lat' dir='ltr'><strong>effigies</strong></span> <span class='ocrx_word' id='word_1_119' title='bbox 431 2719 488 2778; x_wconf 89' lang='lat' dir='ltr'><strong>rari</strong></span> <span class='ocrx_word' id='word_1_120' title='bbox 508 2718 642 2797; x_wconf 90' lang='lat' dir='ltr'><strong>vastique</strong></span> <span class='ocrx_word' id='word_1_121' title='bbox 660 2722 801 2797; x_wconf 86' lang='lat' dir='ltr'><strong>jacebant</strong></span> 
     </span>
    </p>

    <p class='ocr_par' dir='ltr' id='par_1_13' title="bbox 127 2838 861 2919">
     <span class='ocr_line' id='line_1_21' title="bbox 127 2838 861 2919; baseline 0.01 -22"><span class='ocrx_word' id='word_1_122' title='bbox 127 2841 166 2898; x_wconf 90' lang='lat' dir='ltr'><strong>In</strong></span> <span class='ocrx_word' id='word_1_123' title='bbox 186 2838 264 2898; x_wconf 89' lang='lat' dir='ltr'><strong>latus</strong></span> <span class='ocrx_word' id='word_1_124' title='bbox 270 2860 280 2914; x_wconf 88' lang='lat'>;</span> <span class='ocrx_word' id='word_1_125' title='bbox 299 2849 332 2900; x_wconf 94' lang='lat' dir='ltr'><strong>ut</strong></span> <span class='ocrx_word' id='word_1_126' title='bbox 352 2839 426 2901; x_wconf 88' lang='lat' dir='ltr'><strong>tristi</strong></span> <span class='ocrx_word' id='word_1_127' title='bbox 444 2843 516 2918; x_wconf 88' lang='lat' dir='ltr'><strong>juga</strong></span> <span class='ocrx_word' id='word_1_128' title='bbox 535 2861 589 2919; x_wconf 91' lang='lat' dir='ltr'><strong>per</strong></span> <span class='ocrx_word' id='word_1_129' title='bbox 609 2843 726 2905; x_wconf 86' lang='lat' dir='ltr'><strong>deserta</strong></span> <span class='ocrx_word' id='word_1_130' title='bbox 746 2862 861 2905; x_wconf 86' lang='lat' dir='ltr'><strong>corona</strong></span> 
     </span>
    </p>

    <p class='ocr_par' dir='ltr' id='par_1_14' title="bbox 125 2961 1060 3040">
     <span class='ocr_line' id='line_1_22' title="bbox 125 2961 1060 3040; baseline 0.005 -20"><span class='ocrx_word' id='word_1_131' title='bbox 125 2961 204 3021; x_wconf 81' lang='lat' dir='ltr'><strong>Saxa</strong></span> <span class='ocrx_word' id='word_1_132' title='bbox 222 2961 323 3040; x_wconf 83' lang='lat' dir='ltr'><strong>jacent</strong></span> <span class='ocrx_word' id='word_1_133' title='bbox 344 2962 499 3039; x_wconf 90' lang='lat' dir='ltr'><strong>Druidum,</strong></span> <span class='ocrx_word' id='word_1_134' title='bbox 521 2984 590 3025; x_wconf 92' lang='lat' dir='ltr'><strong>curn</strong></span> <span class='ocrx_word' id='word_1_135' title='bbox 611 2966 748 3029; x_wconf 90' lang='lat' dir='ltr'><strong>conditur</strong></span> <span class='ocrx_word' id='word_1_136' title='bbox 767 2967 861 3028; x_wconf 90' lang='lat' dir='ltr'><strong>imbre</strong></span> <span class='ocrx_word' id='word_1_137' title='bbox 882 2966 1060 3029; x_wconf 86' lang='lat' dir='ltr'><strong>Novembris</strong></span> 
     </span>
    </p>
   </div>
   <div class='ocr_carea' id='block_1_5' title="bbox 0 0 1263 3788">
    <p class='ocr_par' dir='ltr' id='par_1_15' title="bbox 0 0 1263 3788">
     <span class='ocr_line' id='line_1_23' title="bbox 0 0 1263 3788; baseline 0 0"><span class='ocrx_word' id='word_1_138' title='bbox 0 0 1263 3788; x_wconf 95' lang='lat' dir='ltr'><strong> </strong></span> 
     </span>
    </p>
   </div>
  </div>
 </body>
</html>
