2512 3788
467 348 673 403 HYPERION.

66 526 130 585 Pro
149 525 237 587 tacita
248 527 358 605 pluma
377 550 562 592 numerorum
581 535 703 594 caecitas
722 535 798 608 alis,·

66 647 114 707 Et
131 650 339 713 circumvolitat
356 661 449 730 caput,
469 662 497 715 et
514 674 576 716 mea
588 657 707 733 pellere
726 659 820 719 lassat

67 773 184 835 Lattua
203 778 337 855 lulluque
354 781 450 840 simul
497 782 663 858 Superalat
680 784 781 843 effidem

68 897 188 973 Lullus,
207 907 235 959 ct
251 902 387 961 attonitas
405 904 569 964 claudebam
580 905 695 981 sautius
712 924 817 977 aures,-

76 1021 150 1081 Cum
170 1024 263 1083 tenuis
282 1033 418 1102 rumpens
437 1028 549 1103 trepeala
569 1027 761 1088 ablullamina
773 1029 891 1104 palma,
1015 1072 1016 1075 ,

67 1145 221 1221 Blznlmr,
240 1148 458 1225 aliquantum
479 1152 606 1210 numem's
626 1169 683 1210 uox
703 1152 836 1212 blanlmr
854 1152 931 1228 ullis,

76 1266 165 1340 Venit,
185 1268 310 1344 Apollol
332 1276 438 1345 repens,
459 1272 545 1346 Puer,
566 1279 594 1332 ct
611 1273 755 1347 clamauit,
775 1274 901 1350 Apollol

68 1390 159 1452 Lucis
178 1393 291 1470 Apollo
312 1392 416 1454 decus!
442 1397 521 1457 Puer
541 1396 579 1470 Ο,
601 1397 746 1470 clamauit,
766 1398 891 1474 Apollo!
1016 1402 1073 1457 280

66 1514 190 1592 Effugi,·
213 1524 308 1576 tamen
328 1518 383 1576 illa
402 1537 518 1594 sequeus
537 1518 660 1591 iteravit,
680 1519 809 1595 Apollo!

71 1636 100 1696 0
115 1645 212 1714 pater,
235 1640 263 1701 0
274 1640 399 1716 fratres,
420 1660 469 1700 uas
488 1642 566 1700 lcuuc
584 1647 712 1716 reputate
729 1642 875 1704 delorem!

71 1759 118 1818 Tu
138 1766 247 1836 reputa,
267 1761 421 1822 Saturne!
438 1762 498 1822 Sel
518 1763 566 1823 Ol
585 1763 614 1820 si
624 1762 707 1838 secte
723 1763 844 1837 tulisses,

65 1885 137 1945 Nou
156 1885 211 1946 tibi
227 1887 300 1946 laxa
319 1887 407 1945 mimis
417 1886 501 1962 seret
516 1886 576 1946 hac
595 1888 772 1962 querimonia
792 1888 905 1946 tandem

76 2011 154 2083 Visa,
173 2029 222 2070 nce
238 2011 375 2070 audacem
396 2011 477 2070 velles
489 2011 682 2085 perstm'ngcre
699 2011 849 2086 linguam!

128 2134 199 2192 Hac
220 2130 344 2208 delapsa
366 2141 454 2191 tenus
475 2131 635 2208 Clymenes
655 2149 715 2191 vox
735 2130 835 2205 effluit,
856 2130 951 2192 amnis

69 2257 114 2316 Ut
132 2254 273 2333 trepidus,
295 2252 346 2331 qui
367 2252 541 2330 saxifragum
562 2253 632 2330 legit
653 2253 781 2330 aequoris
802 2273 894 2328 oram,
986 2317 988 2323 ,

68 2382 108 2439 Et
127 2379 286 2439 cuntlatur
306 2377 399 2455 aquis,
419 2378 583 2456 metuitque
604 2398 757 2440 occurrere
779 2389 889 2456 ponto:

68 2505 141 2580 Ipsa
161 2501 215 2563 sed
235 2500 371 2574 occurrit,
391 2499 540 2578 tactisque
562 2500 712 2562 exhorruit
731 2500 828 2562 undis.

67 2621 266 2683 Vociferantis
288 2621 368 2682 enim
393 2641 534 2699 superans
556 2620 709 2681 absorbuit
729 2631 819 2681 aestus
1016 2639 1072 2694 290

69 2743 214 2804 Enceladi
220 2766 229 2819 ;
249 2754 334 2805 tanto
355 2743 526 2804 ceciderunt
545 2742 679 2820 pondere
700 2744 801 2816 verba,

69 2873 113 2931 Ut
133 2869 240 2931 tumidi
260 2871 370 2930 fluctus
391 2867 493 2929 brevia
516 2866 547 2925 in
568 2884 710 2943 seruposa
729 2875 848 2925 ruentes

68 2991 256 3053 Semireferta
276 2992 339 3052 salo
360 2991 504 3069 plangunt
524 3008 599 3049 cava
619 3009 690 3048 saxa
711 2987 837 3050 sonanti.

68 3113 190 3176 Sustulit
211 3133 264 3175 ora
284 3110 499 3193 lerona-cubito
520 3122 622 3172 tamen
642 3130 736 3187 usque
756 3107 875 3183 resedit,

69 3239 245 3319 Indignatus
265 3240 358 3301 humo
379 3236 499 3299 Titania
518 3237 626 3299 vellere
646 3236 794 3307 membra,
