<?xml version="1.0" encoding="UTF-8"?>
<!DOCTYPE html PUBLIC "-//W3C//DTD XHTML 1.0 Transitional//EN"
    "http://www.w3.org/TR/xhtml1/DTD/xhtml1-transitional.dtd">
<html xmlns="http://www.w3.org/1999/xhtml" xml:lang="en" lang="en">
 <head>
  <title>
</title>
<meta http-equiv="Content-Type" content="text/html;charset=utf-8" />
  <meta name='ocr-system' content='tesseract 3.04.00' />
  <meta name='ocr-capabilities' content='ocr_page ocr_carea ocr_par ocr_line ocrx_word'/>
</head>
<body>
  <div class='ocr_page' id='page_1' title='image "./keatsiihyperion00merigoog_0057.png"; bbox 0 0 2512 3788; ppageno 0'>
   <div class='ocr_carea' id='block_1_1' title="bbox 527 351 731 403">
    <p class='ocr_par' dir='ltr' id='par_1_1' title="bbox 527 351 731 403">
     <span class='ocr_line' id='line_1_1' title="bbox 527 351 731 403; baseline -0.015 0"><span class='ocrx_word' id='word_1_1' title='bbox 527 353 562 403; x_wconf 85' lang='lat' dir='ltr'><em>H</em></span> <span class='ocrx_word' id='word_1_2' title='bbox 563 352 676 401; x_wconf 80' lang='lat' dir='ltr'><em>YPERI</em></span> <span class='ocrx_word' id='word_1_3' title='bbox 675 351 731 401; x_wconf 90' lang='lat' dir='ltr'>ON.</span> 
     </span>
    </p>
   </div>
   <div class='ocr_carea' id='block_1_2' title="bbox 122 537 1132 3203">
    <p class='ocr_par' dir='ltr' id='par_1_2' title="bbox 127 537 861 617">
     <span class='ocr_line' id='line_1_2' title="bbox 127 537 861 617; baseline -0.004 -15"><span class='ocrx_word' id='word_1_4' title='bbox 127 544 157 602; x_wconf 95' lang='lat' dir='ltr'>N</span> <span class='ocrx_word' id='word_1_5' title='bbox 160 561 200 603; x_wconf 88' lang='lat' dir='ltr'>ox</span> <span class='ocrx_word' id='word_1_6' title='bbox 219 541 271 603; x_wconf 93' lang='lat' dir='ltr'>ubi</span> <span class='ocrx_word' id='word_1_7' title='bbox 292 539 448 602; x_wconf 89' lang='lat' dir='ltr'>confundit</span> <span class='ocrx_word' id='word_1_8' title='bbox 468 558 599 600; x_wconf 88' lang='lat' dir='ltr'>summas</span> <span class='ocrx_word' id='word_1_9' title='bbox 619 538 746 617; x_wconf 85' lang='lat' dir='ltr'>caligine</span> <span class='ocrx_word' id='word_1_10' title='bbox 766 537 861 616; x_wconf 80' lang='lat' dir='ltr'>pinus</span> 
     </span>
    </p>

    <p class='ocr_par' dir='ltr' id='par_1_3' title="bbox 122 665 1131 1357">
     <span class='ocr_line' id='line_1_3' title="bbox 126 665 943 743; baseline -0.002 -17"><span class='ocrx_word' id='word_1_11' title='bbox 126 668 227 743; x_wconf 90' lang='lat' dir='ltr'>Atque</span> <span class='ocrx_word' id='word_1_12' title='bbox 248 665 306 740; x_wconf 85' lang='lat' dir='ltr'>alii,</span> <span class='ocrx_word' id='word_1_13' title='bbox 327 684 454 743; x_wconf 87' lang='lat' dir='ltr'>quorum</span> <span class='ocrx_word' id='word_1_14' title='bbox 474 674 533 725; x_wconf 87' lang='lat' dir='ltr'>stat</span> <span class='ocrx_word' id='word_1_15' title='bbox 552 666 676 726; x_wconf 87' lang='lat' dir='ltr'>nomina</span> <span class='ocrx_word' id='word_1_16' title='bbox 696 682 807 742; x_wconf 84' lang='lat' dir='ltr'>magna</span> <span class='ocrx_word' id='word_1_17' title='bbox 826 674 943 725; x_wconf 86' lang='lat' dir='ltr'>tacere:</span> 
     </span>
     <span class='ocr_line' id='line_1_4' title="bbox 126 787 1006 866; baseline -0.002 -18"><span class='ocrx_word' id='word_1_18' title='bbox 126 789 217 862; x_wconf 87' lang='lat' dir='ltr'>Nam,</span> <span class='ocrx_word' id='word_1_19' title='bbox 237 807 306 848; x_wconf 91' lang='lat' dir='ltr'>cum</span> <span class='ocrx_word' id='word_1_20' title='bbox 329 789 419 849; x_wconf 87' lang='lat' dir='ltr'>Musa</span> <span class='ocrx_word' id='word_1_21' title='bbox 438 806 507 848; x_wconf 87' lang='lat' dir='ltr'>suas</span> <span class='ocrx_word' id='word_1_22' title='bbox 528 787 671 866; x_wconf 85' lang='lat' dir='ltr'>expandit</span> <span class='ocrx_word' id='word_1_23' title='bbox 691 788 730 847; x_wconf 89' lang='lat' dir='ltr'>ad</span> <span class='ocrx_word' id='word_1_24' title='bbox 751 787 862 847; x_wconf 84' lang='lat' dir='ltr'>aethera</span> <span class='ocrx_word' id='word_1_25' title='bbox 881 804 1006 864; x_wconf 85' lang='lat' dir='ltr'>pennas,</span> 
     </span>
     <span class='ocr_line' id='line_1_5' title="bbox 128 908 966 987; baseline 0 -17"><span class='ocrx_word' id='word_1_26' title='bbox 128 908 239 987; x_wconf 80' lang='lat' dir='ltr'><strong>Ecquis</strong></span> <span class='ocrx_word' id='word_1_27' title='bbox 260 909 315 971; x_wconf 92' lang='lat' dir='ltr'>iter</span> <span class='ocrx_word' id='word_1_28' title='bbox 335 908 440 970; x_wconf 83' lang='lat' dir='ltr'>sistat?</span> <span class='ocrx_word' id='word_1_29' title='bbox 481 911 571 986; x_wconf 82' lang='lat' dir='ltr'>Juvat</span> <span class='ocrx_word' id='word_1_30' title='bbox 591 909 642 984; x_wconf 87' lang='lat' dir='ltr'>ire,</span> <span class='ocrx_word' id='word_1_31' title='bbox 662 919 694 970; x_wconf 94' lang='lat' dir='ltr'>et</span> <span class='ocrx_word' id='word_1_32' title='bbox 713 910 854 987; x_wconf 86' lang='lat' dir='ltr'>plangere</span> <span class='ocrx_word' id='word_1_33' title='bbox 875 919 966 970; x_wconf 87' lang='lat' dir='ltr'>cantu</span> 
     </span>
     <span class='ocr_line' id='line_1_6' title="bbox 128 1029 1131 1110; baseline -0.004 -16"><span class='ocrx_word' id='word_1_34' title='bbox 128 1033 208 1094; x_wconf 91' lang='lat' dir='ltr'>Cum</span> <span class='ocrx_word' id='word_1_35' title='bbox 228 1032 304 1093; x_wconf 89' lang='lat' dir='ltr'>duce</span> <span class='ocrx_word' id='word_1_36' title='bbox 321 1034 492 1105; x_wconf 83' lang='lat' dir='ltr'><strong>Saturnum,</strong></span> <span class='ocrx_word' id='word_1_37' title='bbox 514 1029 565 1108; x_wconf 94' lang='lat' dir='ltr'>qui</span> <span class='ocrx_word' id='word_1_38' title='bbox 585 1049 666 1092; x_wconf 90' lang='lat' dir='ltr'><strong>nunc</strong></span> <span class='ocrx_word' id='word_1_39' title='bbox 685 1050 739 1109; x_wconf 90' lang='lat' dir='ltr'>per</span> <span class='ocrx_word' id='word_1_40' title='bbox 759 1031 873 1093; x_wconf 85' lang='lat' dir='ltr'>lubrica</span> <span class='ocrx_word' id='word_1_41' title='bbox 892 1031 968 1110; x_wconf 89' lang='lat' dir='ltr'>lapsi</span> <span class='ocrx_word' id='word_1_42' title='bbox 1092 1035 1131 1091; x_wconf 89' lang='lat'>80</span> 
     </span>
     <span class='ocr_line' id='line_1_7' title="bbox 128 1155 863 1234; baseline 0 -18"><span class='ocrx_word' id='word_1_43' title='bbox 128 1155 306 1217; x_wconf 83' lang='lat' dir='ltr'>Horridiore</span> <span class='ocrx_word' id='word_1_44' title='bbox 326 1157 430 1234; x_wconf 88' lang='lat' dir='ltr'>procul</span> <span class='ocrx_word' id='word_1_45' title='bbox 450 1156 544 1216; x_wconf 87' lang='lat' dir='ltr'>fundo</span> <span class='ocrx_word' id='word_1_46' title='bbox 564 1175 693 1229; x_wconf 84' lang='lat' dir='ltr'>evasere,</span> <span class='ocrx_word' id='word_1_47' title='bbox 713 1165 863 1233; x_wconf 84' lang='lat' dir='ltr'><strong>caputque</strong></span> 
     </span>
     <span class='ocr_line' id='line_1_8' title="bbox 122 1277 822 1357; baseline -0.004 -17"><span class='ocrx_word' id='word_1_48' title='bbox 122 1278 298 1341; x_wconf 82' lang='lat' dir='ltr'>&#39;Ostendere</span> <span class='ocrx_word' id='word_1_49' title='bbox 319 1298 407 1356; x_wconf 92' lang='lat' dir='ltr'>super</span> <span class='ocrx_word' id='word_1_50' title='bbox 426 1277 568 1357; x_wconf 73' lang='lat' dir='ltr'>nigrantis</span> <span class='ocrx_word' id='word_1_51' title='bbox 589 1277 720 1339; x_wconf 84' lang='lat' dir='ltr'>eulmina</span> <span class='ocrx_word' id='word_1_52' title='bbox 739 1279 806 1338; x_wconf 89' lang='lat' dir='ltr'>clivi</span> <span class='ocrx_word' id='word_1_53' title='bbox 812 1298 822 1352; x_wconf 81' lang='lat'>3</span> 
     </span>
    </p>

    <p class='ocr_par' dir='ltr' id='par_1_4' title="bbox 126 1401 882 1609">
     <span class='ocr_line' id='line_1_9' title="bbox 126 1401 882 1480; baseline -0.001 -17"><span class='ocrx_word' id='word_1_54' title='bbox 126 1405 208 1464; x_wconf 91' lang='lat' dir='ltr'>Tum</span> <span class='ocrx_word' id='word_1_55' title='bbox 229 1423 344 1464; x_wconf 88' lang='lat' dir='ltr'>sursum</span> <span class='ocrx_word' id='word_1_56' title='bbox 364 1401 464 1465; x_wconf 70' lang='lat' dir='ltr'>evedti</span> <span class='ocrx_word' id='word_1_57' title='bbox 483 1421 610 1477; x_wconf 89' lang='lat' dir='ltr'>crevere,</span> <span class='ocrx_word' id='word_1_58' title='bbox 631 1401 764 1480; x_wconf 85' lang='lat' dir='ltr'>ingentia</span> <span class='ocrx_word' id='word_1_59' title='bbox 783 1401 882 1463; x_wconf 90' lang='lat' dir='ltr'>donec</span> 
     </span>
     <span class='ocr_line' id='line_1_10' title="bbox 128 1527 861 1609; baseline -0.001 -20"><span class='ocrx_word' id='word_1_60' title='bbox 128 1527 292 1592; x_wconf 91' lang='lat' dir='ltr'>Inveniunt</span> <span class='ocrx_word' id='word_1_61' title='bbox 312 1549 430 1592; x_wconf 91' lang='lat' dir='ltr'>summo</span> <span class='ocrx_word' id='word_1_62' title='bbox 450 1529 574 1609; x_wconf 84' lang='lat' dir='ltr'>vestigia</span> <span class='ocrx_word' id='word_1_63' title='bbox 593 1539 696 1591; x_wconf 88' lang='lat' dir='ltr'>monte</span> <span class='ocrx_word' id='word_1_64' title='bbox 717 1531 861 1590; x_wconf 89' lang='lat' dir='ltr'>levamen.</span> 
     </span>
    </p>

    <p class='ocr_par' dir='ltr' id='par_1_5' title="bbox 127 1621 855 1728">
     <span class='ocr_line' id='line_1_11' title="bbox 127 1649 855 1728; baseline -0.003 -18"><span class='ocrx_word' id='word_1_65' title='bbox 127 1652 171 1711; x_wconf 89' lang='lat' dir='ltr'>At</span> <span class='ocrx_word' id='word_1_66' title='bbox 191 1650 279 1711; x_wconf 83' lang='lat' dir='ltr'>Thea</span> <span class='ocrx_word' id='word_1_67' title='bbox 298 1649 431 1711; x_wconf 87' lang='lat' dir='ltr'>infirmos</span> <span class='ocrx_word' id='word_1_68' title='bbox 452 1650 555 1712; x_wconf 87' lang='lat' dir='ltr'>dextra</span> <span class='ocrx_word' id='word_1_69' title='bbox 574 1651 708 1728; x_wconf 86' lang='lat' dir='ltr'>laevaque</span> <span class='ocrx_word' id='word_1_70' title='bbox 729 1651 855 1709; x_wconf 87' lang='lat' dir='ltr'>lacertos</span> 
     </span>
    </p>

    <p class='ocr_par' dir='ltr' id='par_1_6' title="bbox 127 1771 911 1853">
     <span class='ocr_line' id='line_1_12' title="bbox 127 1771 911 1853; baseline -0.004 -18"><span class='ocrx_word' id='word_1_71' title='bbox 127 1774 207 1836; x_wconf 90' lang='lat' dir='ltr'>Sede</span> <span class='ocrx_word' id='word_1_72' title='bbox 228 1792 316 1853; x_wconf 89' lang='lat' dir='ltr'>super</span> <span class='ocrx_word' id='word_1_73' title='bbox 335 1773 435 1834; x_wconf 72' lang='lat' dir='ltr'>luttus</span> <span class='ocrx_word' id='word_1_74' title='bbox 456 1785 587 1834; x_wconf 85' lang='lat' dir='ltr'>extrema</span> <span class='ocrx_word' id='word_1_75' title='bbox 607 1773 638 1833; x_wconf 89' lang='lat' dir='ltr'>in</span> <span class='ocrx_word' id='word_1_76' title='bbox 659 1783 745 1833; x_wconf 86' lang='lat' dir='ltr'>caute</span> <span class='ocrx_word' id='word_1_77' title='bbox 766 1771 892 1834; x_wconf 90' lang='lat' dir='ltr'>tetendit</span> <span class='ocrx_word' id='word_1_78' title='bbox 901 1793 911 1847; x_wconf 81' lang='lat'>3</span> 
     </span>
    </p>

    <p class='ocr_par' dir='ltr' id='par_1_7' title="bbox 129 1894 812 1973">
     <span class='ocr_line' id='line_1_13' title="bbox 129 1894 812 1973; baseline -0.003 -18"><span class='ocrx_word' id='word_1_79' title='bbox 129 1897 171 1956; x_wconf 93' lang='lat' dir='ltr'>Et</span> <span class='ocrx_word' id='word_1_80' title='bbox 191 1895 271 1956; x_wconf 89' lang='lat' dir='ltr'>senis</span> <span class='ocrx_word' id='word_1_81' title='bbox 291 1895 414 1973; x_wconf 89' lang='lat' dir='ltr'>obliquo</span> <span class='ocrx_word' id='word_1_82' title='bbox 436 1895 539 1956; x_wconf 88' lang='lat' dir='ltr'>defixit</span> <span class='ocrx_word' id='word_1_83' title='bbox 559 1894 670 1956; x_wconf 90' lang='lat' dir='ltr'>lumine</span> <span class='ocrx_word' id='word_1_84' title='bbox 690 1896 812 1955; x_wconf 90' lang='lat' dir='ltr'>vultum.</span> 
     </span>
    </p>

    <p class='ocr_par' dir='ltr' id='par_1_8' title="bbox 128 2015 1132 2465">
     <span class='ocr_line' id='line_1_14' title="bbox 128 2015 989 2094; baseline -0.001 -16"><span class='ocrx_word' id='word_1_85' title='bbox 128 2017 246 2078; x_wconf 90' lang='lat' dir='ltr'>Bellum</span> <span class='ocrx_word' id='word_1_86' title='bbox 266 2016 326 2078; x_wconf 92' lang='lat' dir='ltr'>illic</span> <span class='ocrx_word' id='word_1_87' title='bbox 346 2015 519 2093; x_wconf 80' lang='lat' dir='ltr'>rabiesque3</span> <span class='ocrx_word' id='word_1_88' title='bbox 547 2017 648 2077; x_wconf 91' lang='lat' dir='ltr'>Deum</span> <span class='ocrx_word' id='word_1_89' title='bbox 667 2034 739 2075; x_wconf 87' lang='lat' dir='ltr'>nam</span> <span class='ocrx_word' id='word_1_90' title='bbox 759 2015 905 2077; x_wconf 85' lang='lat' dir='ltr'>maximus</span> <span class='ocrx_word' id='word_1_91' title='bbox 926 2015 989 2094; x_wconf 89' lang='lat' dir='ltr'>ipse</span> 
     </span>
     <span class='ocr_line' id='line_1_15' title="bbox 128 2139 870 2215; baseline 0.001 -15"><span class='ocrx_word' id='word_1_92' title='bbox 128 2142 284 2201; x_wconf 88' lang='lat' dir='ltr'>AErumnae</span> <span class='ocrx_word' id='word_1_93' title='bbox 306 2139 445 2201; x_wconf 88' lang='lat' dir='ltr'>din&#39;meus</span> <span class='ocrx_word' id='word_1_94' title='bbox 467 2139 565 2200; x_wconf 84' lang='lat' dir='ltr'>studia</span> <span class='ocrx_word' id='word_1_95' title='bbox 584 2139 734 2201; x_wconf 79' lang='lat' dir='ltr'>imbecilla</span> <span class='ocrx_word' id='word_1_96' title='bbox 753 2140 870 2215; x_wconf 88' lang='lat' dir='ltr'>resistit,</span> 
     </span>
     <span class='ocr_line' id='line_1_16' title="bbox 129 2263 1132 2341; baseline -0.002 -18"><span class='ocrx_word' id='word_1_97' title='bbox 129 2265 305 2340; x_wconf 90' lang='lat' dir='ltr'>Irarumque</span> <span class='ocrx_word' id='word_1_98' title='bbox 324 2273 480 2341; x_wconf 84' lang='lat' dir='ltr'>metusque</span> <span class='ocrx_word' id='word_1_99' title='bbox 486 2285 496 2339; x_wconf 82' lang='lat'>3</span> <span class='ocrx_word' id='word_1_100' title='bbox 516 2273 547 2325; x_wconf 92' lang='lat' dir='ltr'>et</span> <span class='ocrx_word' id='word_1_101' title='bbox 567 2279 643 2340; x_wconf 91' lang='lat' dir='ltr'>quos</span> <span class='ocrx_word' id='word_1_102' title='bbox 663 2263 799 2325; x_wconf 65' lang='lat' dir='ltr'>vindicta</span> <span class='ocrx_word' id='word_1_103' title='bbox 819 2265 938 2338; x_wconf 81' lang='lat' dir='ltr'>furores,</span> <span class='ocrx_word' id='word_1_104' title='bbox 1094 2285 1132 2339; x_wconf 91' lang='lat'>90</span> 
     </span>
     <span class='ocr_line' id='line_1_17' title="bbox 128 2387 831 2465; baseline 0.001 -17"><span class='ocrx_word' id='word_1_105' title='bbox 128 2388 311 2465; x_wconf 89' lang='lat' dir='ltr'>Livoresque</span> <span class='ocrx_word' id='word_1_106' title='bbox 330 2387 410 2462; x_wconf 78' lang='lat' dir='ltr'>mati,</span> <span class='ocrx_word' id='word_1_107' title='bbox 432 2387 669 2465; x_wconf 89' lang='lat' dir='ltr'>desideriumque</span> <span class='ocrx_word' id='word_1_108' title='bbox 689 2388 817 2449; x_wconf 85' lang='lat' dir='ltr'>minatur</span> <span class='ocrx_word' id='word_1_109' title='bbox 821 2405 831 2464; x_wconf 80' lang='lat'>3</span> 
     </span>
    </p>

    <p class='ocr_par' dir='ltr' id='par_1_9' title="bbox 128 2512 954 2836">
     <span class='ocr_line' id='line_1_18' title="bbox 129 2512 954 2592; baseline 0 -19"><span class='ocrx_word' id='word_1_110' title='bbox 129 2514 170 2573; x_wconf 90' lang='lat' dir='ltr'>Et</span> <span class='ocrx_word' id='word_1_111' title='bbox 192 2530 259 2589; x_wconf 89' lang='lat' dir='ltr'>quae</span> <span class='ocrx_word' id='word_1_112' title='bbox 280 2531 348 2590; x_wconf 85' lang='lat' dir='ltr'>spes</span> <span class='ocrx_word' id='word_1_113' title='bbox 368 2512 445 2590; x_wconf 85' lang='lat' dir='ltr'>rapit</span> <span class='ocrx_word' id='word_1_114' title='bbox 466 2531 556 2587; x_wconf 87' lang='lat' dir='ltr'>arma,</span> <span class='ocrx_word' id='word_1_115' title='bbox 578 2523 608 2573; x_wconf 93' lang='lat' dir='ltr'>et</span> <span class='ocrx_word' id='word_1_116' title='bbox 629 2513 786 2592; x_wconf 87' lang='lat' dir='ltr'>desperata</span> <span class='ocrx_word' id='word_1_117' title='bbox 805 2515 954 2575; x_wconf 64' lang='lat' dir='ltr'>retractat.</span> 
     </span>
     <span class='ocr_line' id='line_1_19' title="bbox 130 2633 938 2714; baseline -0.001 -18"><span class='ocrx_word' id='word_1_118' title='bbox 130 2638 248 2714; x_wconf 82' lang='lat' dir='ltr'>Pugnat</span> <span class='ocrx_word' id='word_1_119' title='bbox 268 2645 299 2695; x_wconf 92' lang='lat' dir='ltr'>et</span> <span class='ocrx_word' id='word_1_120' title='bbox 318 2633 365 2695; x_wconf 86' lang='lat' dir='ltr'>his</span> <span class='ocrx_word' id='word_1_121' title='bbox 385 2635 491 2695; x_wconf 84' lang='lat' dir='ltr'>frustra</span> <span class='ocrx_word' id='word_1_122' title='bbox 496 2657 505 2711; x_wconf 84' lang='lat'>3</span> <span class='ocrx_word' id='word_1_123' title='bbox 525 2654 655 2712; x_wconf 89' lang='lat' dir='ltr'>namque</span> <span class='ocrx_word' id='word_1_124' title='bbox 677 2634 825 2696; x_wconf 85' lang='lat' dir='ltr'>exitiabile</span> <span class='ocrx_word' id='word_1_125' title='bbox 845 2637 938 2695; x_wconf 84' lang='lat' dir='ltr'>fatum</span> 
     </span>
     <span class='ocr_line' id='line_1_20' title="bbox 128 2756 820 2836; baseline -0.004 -17"><span class='ocrx_word' id='word_1_126' title='bbox 128 2756 291 2835; x_wconf 85' lang='lat' dir='ltr'>Imperiale</span> <span class='ocrx_word' id='word_1_127' title='bbox 311 2766 402 2836; x_wconf 86' lang='lat' dir='ltr'>caput</span> <span class='ocrx_word' id='word_1_128' title='bbox 421 2756 576 2819; x_wconf 86' lang='lat' dir='ltr'>vitiaverat</span> <span class='ocrx_word' id='word_1_129' title='bbox 596 2756 726 2834; x_wconf 87' lang='lat' dir='ltr'>unguine</span> <span class='ocrx_word' id='word_1_130' title='bbox 747 2757 820 2818; x_wconf 86' lang='lat' dir='ltr'>diro.</span> 
     </span>
    </p>

    <p class='ocr_par' dir='ltr' id='par_1_10' title="bbox 129 2877 977 3203">
     <span class='ocr_line' id='line_1_21' title="bbox 129 2877 947 2958; baseline 0 -18"><span class='ocrx_word' id='word_1_131' title='bbox 129 2881 231 2957; x_wconf 84' lang='lat' dir='ltr'>Quare</span> <span class='ocrx_word' id='word_1_132' title='bbox 251 2879 349 2941; x_wconf 74' lang='lat' dir='ltr'>fratta</span> <span class='ocrx_word' id='word_1_133' title='bbox 368 2889 450 2940; x_wconf 92' lang='lat' dir='ltr'>metu</span> <span class='ocrx_word' id='word_1_134' title='bbox 471 2881 540 2940; x_wconf 86' lang='lat' dir='ltr'>Dea</span> <span class='ocrx_word' id='word_1_135' title='bbox 559 2877 697 2954; x_wconf 88' lang='lat' dir='ltr'>substitit,</span> <span class='ocrx_word' id='word_1_136' title='bbox 719 2891 809 2958; x_wconf 86' lang='lat' dir='ltr'>atque</span> <span class='ocrx_word' id='word_1_137' title='bbox 829 2880 947 2958; x_wconf 87' lang='lat' dir='ltr'>negavit</span> 
     </span>
     <span class='ocr_line' id='line_1_22' title="bbox 129 3003 977 3082; baseline -0.002 -17"><span class='ocrx_word' id='word_1_138' title='bbox 129 3008 179 3066; x_wconf 89' lang='lat' dir='ltr'>Ire</span> <span class='ocrx_word' id='word_1_139' title='bbox 199 3003 289 3082; x_wconf 88' lang='lat' dir='ltr'>prior,</span> <span class='ocrx_word' id='word_1_140' title='bbox 309 3003 457 3082; x_wconf 82' lang='lat' dir='ltr'>cessitque</span> <span class='ocrx_word' id='word_1_141' title='bbox 477 3005 555 3079; x_wconf 85' lang='lat' dir='ltr'>loco,</span> <span class='ocrx_word' id='word_1_142' title='bbox 576 3003 791 3082; x_wconf 89' lang='lat' dir='ltr'>dominumque</span> <span class='ocrx_word' id='word_1_143' title='bbox 811 3013 913 3067; x_wconf 84' lang='lat' dir='ltr'>secuta</span> <span class='ocrx_word' id='word_1_144' title='bbox 933 3015 977 3065; x_wconf 86' lang='lat' dir='ltr'>est</span> 
     </span>
     <span class='ocr_line' id='line_1_23' title="bbox 131 3123 855 3203; baseline -0.004 -16"><span class='ocrx_word' id='word_1_145' title='bbox 131 3126 329 3188; x_wconf 87' lang='lat' dir='ltr'>Incedentem</span> <span class='ocrx_word' id='word_1_146' title='bbox 349 3127 426 3186; x_wconf 86' lang='lat' dir='ltr'>ultra</span> <span class='ocrx_word' id='word_1_147' title='bbox 445 3124 574 3202; x_wconf 71' lang='lat' dir='ltr'>dejedtae</span> <span class='ocrx_word' id='word_1_148' title='bbox 594 3123 691 3203; x_wconf 83' lang='lat' dir='ltr'>gentis</span> <span class='ocrx_word' id='word_1_149' title='bbox 711 3123 742 3184; x_wconf 93' lang='lat' dir='ltr'>iu</span> <span class='ocrx_word' id='word_1_150' title='bbox 762 3135 855 3187; x_wconf 84' lang='lat' dir='ltr'>antro.</span> 
     </span>
    </p>
   </div>
   <div class='ocr_carea' id='block_1_3' title="bbox 192 3246 990 3330">
    <p class='ocr_par' dir='ltr' id='par_1_11' title="bbox 192 3246 990 3330">
     <span class='ocr_line' id='line_1_24' title="bbox 192 3246 990 3330; baseline -0.003 -20"><span class='ocrx_word' id='word_1_151' title='bbox 192 3249 297 3326; x_wconf 90' lang='lat' dir='ltr'>thue</span> <span class='ocrx_word' id='word_1_152' title='bbox 317 3246 454 3311; x_wconf 83' lang='lat' dir='ltr'>homiues</span> <span class='ocrx_word' id='word_1_153' title='bbox 473 3246 551 3310; x_wconf 90' lang='lat' dir='ltr'>inter</span> <span class='ocrx_word' id='word_1_154' title='bbox 569 3246 647 3330; x_wconf 78' lang='lat' dir='ltr'>curis</span> <span class='ocrx_word' id='word_1_155' title='bbox 666 3266 719 3311; x_wconf 87' lang='lat' dir='ltr'>cor</span> <span class='ocrx_word' id='word_1_156' title='bbox 738 3248 831 3310; x_wconf 85' lang='lat' dir='ltr'>fervet</span> <span class='ocrx_word' id='word_1_157' title='bbox 851 3253 990 3310; x_wconf 87' lang='lat' dir='ltr'>onustum</span> 
     </span>
    </p>
   </div>
   <div class='ocr_carea' id='block_1_4' title="bbox 0 0 1263 3788">
    <p class='ocr_par' dir='ltr' id='par_1_12' title="bbox 0 0 1263 3788">
     <span class='ocr_line' id='line_1_25' title="bbox 0 0 1263 3788; baseline 0 0"><span class='ocrx_word' id='word_1_158' title='bbox 0 0 1263 3788; x_wconf 95' lang='lat' dir='ltr'> </span> 
     </span>
    </p>
   </div>
  </div>
 </body>
</html>
