2512 3788
517 368 550 417 H
552 367 667 416 YPERI
665 364 722 415 ΟΝ.

126 548 214 623 Queis
233 549 340 608 miram
359 548 479 608 adsume
498 545 664 619 det'trinam,
685 546 794 621 alteque
812 544 932 620 requiro,

126 671 200 731 Tam
221 673 335 731 misera
346 673 432 732 sartis
451 671 588 730 ratimem
608 669 760 727 extundere
770 676 898 744 passum.

123 793 213 855 Harl
228 794 502 870 quianamefrustra
521 801 635 852 natura
653 793 779 884 exempla
799 800 900 865 retexo,

130 915 227 992 Usque
244 917 288 975 ad
303 917 458 993 deliquium
479 917 653 992 invigilans?
676 935 725 975 nec
742 918 844 975 discere
862 916 946 991 quini

129 1039 193 1099 Cur
212 1058 269 1113 uas,
289 1040 411 1098 numina
431 1058 545 1116 magua,
565 1040 663 1097 Deum
685 1059 732 1100 aas
752 1048 866 1114 carpara
879 1040 997 1114 prima,¹

134 1163 201 1221 Vim
221 1163 343 1222 tremitis
363 1170 456 1222 uestra
476 1183 531 1222 nau
544 1171 611 1239 prce
631 1165 737 1222 uirtute
755 1163 935 1222 tremmdam.

135 1284 188 1344 Vas
207 1292 301 1343 tamen
320 1284 369 1344 leie
385 1285 478 1360 agt'tzs,
490 1284 614 1360 fusique
631 1285 771 1359 quiescitis
790 1293 892 1355 antra;
1071 1302 1126 1360 150

127 1409 190 1467 Hic
207 1409 301 1485 agitne,
325 1409 460 1469 Titanes!
489 1408 549 1482 An,
574 1408 601 1468 0
619 1409 793 1484 consurgite!
808 1408 920 1467 dicam?

137 1533 191 1592 Vas
205 1533 331 1607 gemitis:
350 1532 486 1605 dicamne,
511 1531 621 1606 Ogens
641 1531 747 1612 ignaua
758 1532 872 1605 jacetel

128 1652 283 1728 Ingemitis.
330 1652 415 1727 Quid
424 1653 521 1710 ,dicam
541 1652 627 1710 adea?
664 1652 703 1708 Tc
721 1651 847 1709 manime
864 1651 924 1710 cali

129 1774 219 1847 Axis,
239 1781 266 1832 et
283 1774 342 1850 ipse
352 1783 470 1850 parens,
491 1793 546 1832 nan
567 1774 632 1832 uisu
652 1773 760 1848 cognite,
773 1783 863 1848 pasce,

134 1897 219 1972 Quid
235 1897 345 1956 dicam?
365 1916 466 1972 uosque
489 1896 516 1956 O
535 1897 645 1972 cognati
663 1896 746 1954 dicite
762 1897 850 1970 Diui,

135 2020 201 2095 Qua
212 2026 346 2095 pugnare
365 2018 451 2090 meda,
471 1998 535 2092 qua
546 2018 680 2093 proderit
698 2037 784 2076 arma
803 2037 932 2077 mouere:

132 2142 226 2200 Nune
242 2142 308 2200 date
325 2140 482 2213 consilium,
503 2158 571 2198 nam
584 2140 730 2215 principis
749 2140 839 2199 esurit
856 2140 947 2199 aures.

137 2264 185 2323 Tu
203 2271 296 2324 tamen
316 2270 383 2321 ante
400 2281 507 2332 amnes,·
527 2281 595 2320 nam
616 2270 648 2343 tu
668 2281 791 2335 summa,
811 2261 925 2338 imaque
944 2280 1047 2335 rerum,

139 2385 251 2460 Oceane,
271 2387 409 2463 expendis,
431 2388 567 2462 uultuque
585 2396 717 2462 expressa
735 2405 836 2460 sermm,

140 2507 228 2582 Quod
244 2507 335 2582 magis
354 2507 492 2581 admirer,
512 2509 619 2582 requies
638 2515 664 2565 te
681 2507 780 2566 santia
801 2507 905 2583 recepit,
1078 2510 1133 2564 160

139 2629 238 2706 Quam
258 2630 386 2689 delirum
405 2649 498 2704 sagax
516 2637 543 2687 et
561 2629 662 2687 mentc‘s
681 2647 752 2686 cura
765 2629 908 2704 paravit:

140 2753 189 2812 Tu
207 2771 340 2812 succurre
349 2756 469 2829 precor!
505 2751 553 2813 Sic
574 2751 640 2811 finis
661 2751 743 2811 faiia
763 2752 889 2827 querelae
910 2762 963 2812 est.

197 2878 240 2937 At
259 2875 348 2936 maris
368 2875 418 2935 ille
440 2877 530 2948 Deus,
553 2874 670 2951 sapiens
691 2873 831 2948 fandique
852 2872 970 2949 peritus,

139 2997 197 3060 Cui
217 3017 280 3059 non
302 2996 455 3074 Cecropiae
477 2998 638 3057 formarunt
658 2998 784 3073 peiiora
804 2996 901 3072 sylvae,

139 3120 200 3183 Sed
221 3121 327 3193 fontes,
348 3119 468 3194 udoque
489 3118 542 3177 sali
563 3116 755 3177 meditamina
775 3114 877 3188 fundo,

139 3242 269 3305 Surrexit
290 3240 384 3316 sicciS,
406 3242 481 3318 algae
502 3239 565 3298 sine
586 3239 700 3311 fronde,
722 3235 851 3313 capillis3
