2512 3788
524 349 558 398 H
560 345 731 397 YPERION.

108 529 168 595 ,Ec
185 530 275 587 lucem
295 533 455 603 argenteam
475 545 559 584 sensu
578 526 722 603 trepidare
739 525 839 586 beato!

123 652 307 726 Nubcgmum
328 651 432 709 audiui
450 651 598 709 tonitrus!
639 649 780 724 Quanam
800 649 854 708 illa
867 655 1000 724 potestas,

127 773 200 850 Qua
220 793 325 833 munus
345 774 506 850 ignipotens,
526 779 555 832 et
573 773 668 832 uirtus
686 773 816 832 numinis
837 773 939 844 instar,

123 897 235 956 Rerum
255 899 348 973 agitat
365 903 444 957 tante
464 898 611 972 miscetque
628 898 759 956 cluneuta
779 899 907 957 tumultu
915 921 971 968 ,·-

124 1021 179 1079 Me
195 1022 321 1097 trepidas
333 1023 475 1098 prebente
492 1041 584 1094 aures,
605 1040 649 1080 me
667 1022 699 1080 in
718 1023 801 1080 litere
817 1025 895 1098 segni

126 1145 282 1218 Salieitam,
301 1147 353 1204 sea'
369 1164 417 1204 uec
426 1144 580 1221 pauidam,
600 1144 713 1201 ducente
730 1144 872 1218 quietem?

130 1265 158 1325 O
169 1274 230 1342 per
247 1273 275 1324 te
292 1267 436 1325 citnaram
449 1274 544 1342 pesco,
564 1265 633 1322 Dea
651 1265 713 1323 sola
733 1265 864 1337 locorum,

131 1389 203 1464 Qua
222 1397 352 1465 surgente
371 1390 423 1463 die,
443 1408 507 1466 qua
526 1389 683 1448 declinante
700 1388 831 1464 quirunt,
1078 1412 1133 1449 110

126 1511 188 1570 Die
206 1510 281 1568 mibi
298 1529 352 1568 cur
369 1510 412 1568 ita
431 1511 519 1569 delira
529 1511 609 1586 juga
619 1510 746 1585 frondea
765 1510 896 1571 circumi

126 1637 172 1696 At
189 1644 223 1696 tu
244 1644 325 1696 muta
346 1657 461 1698 manes:
488 1644 566 1697 muto
585 1644 680 1696 tamen
700 1655 749 1696 ore
766 1637 867 1696 notaui

128 1762 209 1822 Scire
226 1767 309 1819 tuum
329 1760 382 1819 bac
401 1761 504 1836 ingens,
524 1761 603 1835 quad
619 1779 664 1818 me
681 1778 791 1835 quaque
808 1759 889 1819 carde
907 1766 1042 1834 receptum

127 1887 236 1946 Reddit
245 1886 320 1962 jure
337 1886 436 1944 Deum
444 1908 456 1944 .·
482 1891 561 1945 tanta
580 1885 674 1943 simul
689 1883 803 1960 agmine
821 1884 942 1943 uoluunt

128 2008 260 2067 Nomz'ua
280 2026 344 2066 cum
365 2008 455 2080 rebus,
475 2026 540 2065 cum
560 2006 644 2064 dietis
654 2006 743 2081 faita
763 2006 888 2078 uetustis,

128 2133 176 2190 Et
192 2132 254 2190 diri
271 2137 393 2204 euentus,
414 2150 601 2206 conuersaque
610 2131 684 2206 fata
696 2136 852 2207 potentum,

128 2254 175 2312 Et
182 2253 286 2330 fastus
305 2254 449 2327 saturum,
469 2261 497 2313 et
515 2255 600 2312 uerba
610 2254 745 2340 jubentia
766 2272 870 2329 regum,

128 2378 226 2454 Atque
243 2383 324 2438 artus
343 2378 504 2453 obitusque,·
530 2379 598 2437 caui
615 2397 678 2453 qua
697 2379 825 2436 claustra
844 2377 949 2436 cerebri

128 2501 335 2577 Perrumpuut,
354 2507 542 2575 superumque
560 2499 671 2558 aninms
690 2505 718 2557 ct
734 2498 856 2557 numina
876 2498 1001 2556 deuant:

130 2621 230 2682 Haud
245 2621 331 2681 aliter
348 2638 437 2695 quam
456 2620 485 2679 si
502 2621 585 2678 latus
606 2639 685 2678 nura
705 2619 776 2678 uina
796 2618 933 2693 bibissem,
1078 2637 1134 2675 120

130 2746 177 2803 Et
193 2763 249 2804 nan
269 2745 401 2804 nurtalcs
420 2743 516 2801 dc'uiui
533 2742 656 2801 mitaris
675 2744 806 2802 haustus.

190 2867 239 2930 Sic
260 2867 309 2942 ait,
330 2866 508 2943 accensique
529 2866 608 2926 oculi
629 2867 685 2925 sub
705 2867 804 2926 fronte
824 2865 918 2942 polita

132 2991 279 3066 AEquatas
297 2990 397 3067 jecere
417 2989 507 3062 faceS,
528 2997 558 3048 et
577 2988 644 3048 luce
664 2997 824 3048 trementes

133 3112 291 3173 Confixere
312 3113 427 3173 Deam:
453 3130 525 3172 mox
545 3110 615 3172 saevi
635 3110 788 3189 impellere
807 3121 914 3185 motus,
