2512 3788
469 340 503 390 H
504 340 674 393 YPERION.
1040 361 1074 420 57

70 519 214 597 Informis
232 520 363 582 mixtura
387 523 490 584 Cleuas.
532 524 620 583 Num
640 525 780 601 languida
795 525 876 601 gleba

71 641 206 702 Dissidet
222 641 383 718 arboribus,
403 663 478 721 quas
496 646 601 704 extulit
618 647 691 722 ipsa
711 648 848 723 superbis,
1020 666 1077 706 210

69 765 308 844 Principiumque
325 756 409 844 uegat
426 769 531 828 oim'elrs
550 770 697 829 laudabile
713 771 823 845 syloa?

74 889 178 948 Oderit
193 890 290 949 aenas
308 897 363 950 aut
381 890 483 950 inuida
502 890 586 965 sylva
597 889 759 965 palumbes,

69 1012 236 1071 Murmura
255 1012 336 1088 quod
351 1012 474 1087 miscam,
494 1011 639 1087 uiuasque
655 1013 709 1072 sub
728 1013 829 1073 albere
839 1015 946 1089 permis

75 1132 141 1208 Quo
160 1134 272 1194 uoluere
290 1133 397 1207 uolunt,
416 1133 573 1210 nativoque
586 1134 698 1210 gaudia
717 1102 872 1211 quaeruut?

68 1257 136 1317 Nos
155 1258 243 1334 sylva
262 1258 344 1318 decus
364 1258 447 1333 illua,
467 1264 497 1319 et
513 1258 573 1318 leae
589 1277 653 1334 qua
672 1258 814 1318 tendimus
832 1258 891 1317 alte

70 1379 205 1439 Brachia
217 1380 359 1455 pallentes
377 1398 434 1439 noa
454 1379 595 1456 coufovere
606 1379 767 1455 palumbes,

69 1505 245 1565 Aurieomas
264 1506 319 1580 sed,
339 1506 426 1580 medo,
446 1506 581 1583 aquilos;
600 1524 664 1581 qua
683 1512 797 1581 corpore
807 1504 911 1580 pulmo

74 1625 249 1702 Corporibus
260 1632 407 1701 prostaret
423 1626 536 1700 uostris,
555 1632 583 1686 et
592 1628 667 1702 jure
685 1626 789 1686 decoris

69 1749 165 1809 Nune
181 1749 303 1825 regimen
322 1751 457 1826 rapiunt:
475 1768 509 1809 ea
528 1750 575 1808 lex
594 1756 700 1809 ceteruo
721 1748 834 1824 regendi
851 1754 900 1823 est,

78 1871 141 1946 Qui
150 1870 255 1947 forma
274 1877 420 1948 superaret,
439 1878 573 1947 superent
589 1877 616 1930 et
634 1871 747 1930 uiribus
766 1869 858 1930 iidem.
1018 1887 1075 1926 220

70 1995 133 2054 Illa
145 1996 208 2072 lege
225 1995 313 2054 aliud
321 1995 431 2071 poterit
438 1994 569 2070 sortasse
587 1994 718 2052 Deorum

69 2114 179 2173 Pellere
196 2113 321 2187 ultores,
340 2119 374 2172 ut
391 2132 442 2173 nos
452 2113 523 2190 jam
535 2112 685 2188 pellimur,
704 2126 832 2186 augonem

71 2239 170 2298 Dia'te
187 2239 234 2300 iol
251 2239 422 2316 Juoerumru
439 2239 538 2297 Deum
558 2236 672 2296 uidistis
691 2238 855 2312 aquarum?

70 2361 400 2438 Arasodemptoremue
418 2362 502 2419 meoet
524 2359 639 2418 violatis
658 2335 687 2418 et
702 2377 763 2432 ora,

71 2482 118 2541 Et
134 2499 255 2541 currum
275 2481 393 2541 alitibus
412 2481 525 2558 bijugis,
545 2499 614 2557 quos
624 2480 705 2557 feeit,
724 2482 870 2540 ouantem?

71 2604 138 2680 Ipse
155 2611 316 2664 serenatum
337 2612 490 2664 verrentem
510 2605 632 2664 molliter
648 2623 745 2681 aquor

66 2728 203 2806 ‚Aspexi;
223 2730 372 2807 latamque
389 2730 457 2789 adeo
477 2730 536 2789 vim
547 2729 650 2805 fronte
667 2728 773 2803 notaui,

80 2851 124 2910 Ut
140 2852 207 2911 uisu
225 2852 322 2912 titulos
341 2852 541 2929 ejuratumque
558 2850 657 2910 remisi

71 2973 213 3035 Protinus
232 2973 399 3051 imperium:
408 2973 534 3050 Jamque
551 2973 611 3033 laec
626 2973 672 3033 ol
686 2971 792 3034 limiua
812 2972 885 3045 oeni,
