2512 3788
465 358 499 408 H
500 358 669 411 YPERION·

63 537 174 596 Suavis
194 538 246 597 ubi
262 543 363 598 uentus
381 538 481 596 nubem
501 539 650 614 spargebat
667 539 783 599 adaram

61 660 207 734 Floribus,
226 660 429 737 ambrosiaeque
447 678 522 736 uaga
542 660 686 720 dulcedine
703 663 799 738 sylace,

66 782 188 842 Gaudn'a
207 783 315 842 blanda
324 782 434 858 ferens,
454 789 556 840 masta
574 783 721 843 centraria
741 784 847 856 menti,·

66 903 202 981 Oquam
222 904 329 965 blanda
348 904 446 978 nimis,
466 904 599 980 nullibus
616 906 737 965 calentia
747 905 898 982 flamma!

62 1034 132 1094 Nan
151 1035 222 1094 tulit
239 1036 299 1111 ipse
315 1035 414 1095 delur:
432 1040 495 1092 tum
514 1034 603 1093 litera
621 1032 684 1092 sela
703 1031 816 1090 desertis

61 1159 209 1236 luitibus,
229 1168 257 1220 et
273 1168 372 1221 nestra
391 1159 475 1220 ualui
492 1178 598 1219 vexare
615 1157 746 1235 querela·

53 1283 185 1360 Jamque
203 1284 262 1344 sela
281 1285 419 1344 recubans
437 1285 576 1345 labiasam
595 1302 707 1343 sumere
726 1281 865 1355 canebam,

61 1405 108 1463 Et
125 1423 256 1465 mussare
265 1413 409 1482 premens,
429 1407 514 1466 meles
532 1412 560 1466 et
576 1407 687 1466 solenne
705 1403 780 1465 ciera

59 1525 131 1586 Nan
143 1527 266 1602 posthae
285 1529 369 1588 melas
388 1527 467 1587 illud
481 1528 554 1598 erit‚·
579 1547 649 1587 nam
668 1527 755 1587 debile
772 1532 845 1586 testee

58 1649 216 1725 Murmur,
235 1658 265 1710 et
280 1659 344 1711 arte
362 1652 447 1711 rudes
467 1650 599 1711 modulor
615 1651 685 1710 dum
702 1650 844 1726 languida
861 1658 984 1726 questus,
1007 1655 1064 1710 260

59 1771 158 1831 Latere
176 1772 214 1832 ab
232 1774 359 1848 aduersa,
378 1793 438 1850 qua
450 1773 587 1850 pranitet
603 1774 701 1833 insula
711 1771 805 1849 panti,

59 1893 151 1954 Ecce!
174 1894 254 1953 uenit
270 1897 405 1972 nmgzeus,
415 1897 516 1972 flabra
535 1897 676 1970 uariante,
696 1914 845 1969 susurrus,

65 2017 129 2094 Qui
145 2019 239 2079 simul
254 2021 340 2080 clr'sas
360 2028 473 2095 mersat,
492 2022 586 2082 simul
600 2022 710 2099 arrisit
726 2040 820 2081 aures.

60 2141 197 2202 'Turbida
208 2144 321 2219 prm'eci
337 2145 478 2219 canebam,
497 2164 586 2221 quam
597 2145 711 2220 fluibus
730 2145 890 2220 abundans,

68 2264 111 2324 Ut
127 2283 227 2324 sensus
245 2265 341 2324 animi
359 2285 415 2326 uox
434 2266 578 2340 intellecta,
599 2268 721 2342 rutenis,
755 2284 758 2290 “

59 2384 173 2459 Aurea,
183 2384 350 2462 fortunata,
370 2387 445 2446 Deis
463 2406 519 2447 nen
539 2395 605 2447 ante
623 2395 739 2466 reperta.

64 2506 206 2566 Omnibus
225 2507 311 2584 inque
327 2508 392 2568 sani
409 2510 543 2568 scatebm's
562 2528 637 2569 mers
657 2511 726 2569 uiua
745 2509 851 2583 resedit,

64 2627 207 2688 Omnibus
226 2628 258 2687 in
277 2628 405 2687 nunum's
425 2629 501 2687 inter
517 2647 548 2688 se
566 2629 621 2688 m'te
630 2629 754 2705 jugatis,

58 2752 202 2827 Abruptis
214 2752 406 2828 premensque,
426 2752 519 2811 simul
534 2752 692 2829 sensimque
701 2752 843 2829 pnffusis,

66 2873 110 2934 Ut
116 2873 174 2950 fila
192 2874 282 2950 lapsa
299 2873 405 2950 deseibn
417 2881 541 2950 preepete
559 2874 653 2934 bacca.

64 2995 153 3070 Tune,
173 3002 209 3056 ut
225 2995 360 3074 olivifera
378 2997 513 3058 demetunt
520 2996 630 3074 frende
640 2996 801 3073 palumbes,

60 3116 112 3177 Sic
128 3117 208 3177 alius
225 3135 312 3178 smus
331 3123 417 3194 atque
434 3118 514 3179 alius
532 3135 563 3178 se
580 3117 671 3178 librat
688 3117 840 3191 mauras,
