2512 3788
526 334 559 382 H
560 333 729 384 YPERION.

125 516 225 576 Vellet
244 524 274 575 et
294 512 358 591 ipse
380 515 462 574 Deus
482 514 596 590 jussum
618 513 697 588 dare,
719 515 808 575 vellet
827 515 859 573 in
880 515 941 576 alto

125 637 233 699 Sistere
249 639 311 714 jam
333 635 418 710 solio,
441 635 466 695 si
487 655 547 712 qua
566 637 631 696 vice
653 636 742 695 taedia
761 648 887 714 rumpat,

126 764 360 836 Cessantemque
380 759 457 819 ciere
479 758 559 818 diem
568 780 578 834 3
605 759 658 819 sed
679 760 740 818 fata
759 761 900 820 vetabant
1073 765 1129 821 260

126 881 270 958 Quamvis
291 881 329 942 de
350 883 494 959 Superum
515 882 657 958 primaevo
678 880 790 941 semine
811 893 923 941 cretum
934 903 943 956 ;

126 1008 193 1067 Nec
213 1016 404 1084 tempestates
424 1025 521 1066 sacras
540 1007 584 1065 fas
604 1017 717 1066 vertere
739 1007 885 1084 cuiquam.

125 1132 226 1207 Quare
245 1130 344 1204 etiam,
364 1141 398 1190 ut
418 1130 535 1190 dietum
556 1141 609 1204 est,
631 1129 761 1190 numeris
783 1141 860 1190 stata
880 1142 1015 1208 tempora
1035 1134 1129 1209 plenis

126 1253 256 1328 Pertulit,
279 1264 309 1314 et
329 1251 412 1313 nasci
433 1253 485 1312 lux
503 1252 680 1330 imperfecta
700 1251 827 1330 negavit

187 1381 306 1439 Interea
325 1378 431 1454 plausu
451 1362 558 1454 pennae
578 1375 684 1455 gestire
705 1377 839 1454 gemellae

126 1503 249 1565 AEthere
270 1506 343 1565 ferre
364 1506 493 1582 globum.
536 1506 616 1563 Tum
636 1503 702 1563 latis
724 1503 800 1563 ostia
819 1504 912 1580 portis

126 1622 237 1685 Noctis
258 1623 297 1683 ad
320 1623 476 1701 imperium
497 1625 587 1683 furvae
608 1623 785 1700 panduntur.
829 1624 870 1681 At
890 1621 948 1695 ille,

127 1749 265 1806 Insuetus
285 1746 377 1821 flecti,
396 1746 426 1808 vi
447 1766 526 1807 nunc
546 1747 670 1806 inflexus
690 1746 800 1822 iniqua,

127 1867 335 1946 Compositum
355 1866 469 1927 moestis
490 1866 621 1926 animum
642 1867 681 1926 ad
702 1866 859 1944 praesentia
876 1868 967 1928 finxit.

125 1988 174 2050 Sic
194 1989 299 2066 procul
318 1987 454 2049 extremis
475 1989 663 2048 tenebrarum
685 1998 715 2048 et
735 1988 809 2048 lucis
829 1989 861 2048 in
882 1990 940 2051 oris
1072 2010 1129 2066 270

127 2113 286 2172 Porrectus
308 2111 390 2171 foedo
411 2111 580 2172 nimbomm
601 2111 694 2172 limite
714 2112 814 2189 repsit,

126 2235 267 2295 Imbelles
288 2233 400 2294 stillans
421 2234 538 2297 radios:
564 2237 655 2296 Polus
676 2236 814 2297 omnibus
834 2237 919 2298 astris

126 2358 271 2437 Despexit
291 2360 442 2433 miserans,
463 2359 535 2419 dum
555 2359 659 2419 mundi
681 2361 779 2422 Caelus
799 2364 838 2422 ab
859 2382 927 2424 arce

128 2485 298 2560 Increpitat,
318 2493 422 2545 tenues
444 2495 474 2546 et
495 2484 619 2546 succinit
640 2504 709 2547 aure
731 2488 871 2563 querelas

191 2967 218 3029 0
237 2967 360 3026 nimium
380 2966 475 3026 dilefte
484 2968 579 3043 palti,
590 2967 651 3044 flos
671 2968 719 3028 ille
737 2988 869 3044 meorum,

130 3093 281 3170 Concptus
300 3100 389 3166 terrae,
409 3094 482 3152 satio
501 3095 661 3153 clanssima
682 3095 749 3170 caeli,

125 3216 241 3276 Arcani
255 3217 389 3293 genitura
408 3217 492 3291 sacri,
512 3218 592 3294 quod
606 3226 705 3294 nempe
722 3237 809 3294 neque
829 3218 886 3294 ipsi
