2512 3788
533 337 567 386 H
569 335 737 386 YPERION.

137 516 243 576 Scilicet
259 519 307 577 leis
333 519 449 578 Umbra
467 519 613 592 thalamis,
633 519 684 577 lac
702 535 788 594 regua
806 523 953 592 capessunt

136 638 255 715 limim,
275 647 303 700 et
319 643 503 717 exstinguant
510 641 622 716 fastus,
642 647 670 700 et
687 641 789 698 tmania
809 640 904 699 rident

140 758 266 835 Gaudia,
287 781 383 836 meque
400 762 468 820 meis
485 763 570 820 eiiam
590 762 621 818 in
633 762 828 836 penetralibus
846 765 980 836 angant!

134 881 233 940 Haece
242 883 364 958 seram?
383 885 553 958 jaceamne?
574 891 632 958 per
654 883 680 943 O
701 891 753 941 lua
773 885 895 942 numina
907 885 990 959 jura,
1078 905 1135 944 220

137 1003 326 1080 Omnmtarms
350 1007 452 1079 Tellus,
471 1007 549 1065 salsa
569 1005 735 1080 circumflua
755 1011 849 1067 veste!

133 1127 200 1201 Ipse
219 1145 291 1186 meos
300 1127 378 1202 fiaes
396 1134 535 1200 superans
554 1133 581 1184 et
589 1125 731 1200 flammea
750 1128 885 1202 claustra,
924 1204 925 1207 Ἴ

137 1248 299 1306 Terribilem
319 1249 394 1306 leam
411 1248 542 1306 dextram
555 1255 655 1322 puero,
668 1249 747 1322 prole
758 1248 855 1323 fatal
882 1251 1006 1310 lbnanti

132 1371 294 1443 latendum,
314 1371 493 1446 vetulumqm
510 1389 565 1429 sua
586 1389 651 1430 max
671 1389 735 1429 aree
753 1375 909 1446 reperiam!

193 1743 276 1804 Dixit
296 1755 327 1804 et
347 1743 480 1818 obticuit,
499 1744 622 1804 volvens
642 1742 776 1821 graviora
796 1741 941 1803 minarum

131 1866 294 1940 Murmura,
315 1877 346 1927 et
366 1866 397 1925 in
418 1868 519 1927 clauso
539 1866 667 1926 nitentes
687 1875 804 1943 gutture
826 1878 954 1943 questus

131 1988 278 2062 Namque,
300 1998 333 2047 ut
353 1987 490 2047 clamosis
511 1986 666 2048 hominum
687 1986 867 2063 quandoque
888 1985 1008 2046 theatris

129 2110 248 2168 AEstuat
268 2107 445 2185 increpitum
465 2110 576 2185 vulgus,
597 2110 749 2184 turbaeque
770 2107 927 2182 resistunt;

128 2231 177 2291 Sic
199 2233 292 2292 Ducis
313 2231 352 2291 ad
373 2250 463 2292 voces
484 2231 585 2308 agitari
606 2231 718 2308 pallida
737 2231 829 2291 crudo

128 2354 255 2431 Spettra
273 2357 342 2434 gelu
351 2378 360 2431 3
386 2357 539 2436 nitidaque
561 2358 616 2419 soli
636 2358 668 2417 in
688 2378 833 2437 compage
852 2377 978 2436 vapores
1075 2379 1132 2436 ²30

127 2477 259 2555 Surgere,
283 2497 338 2539 ceu
359 2479 446 2539 foedis
467 2482 565 2540 efflata
585 2480 742 2557 paludibus
763 2499 840 2541 aura.

126 2603 207 2660 Tum
227 2602 336 2662 sensim
358 2623 377 2663 a
396 2605 523 2681 pedibus
547 2615 626 2665 totos
648 2623 731 2664 sacer
750 2604 853 2666 horror
873 2604 904 2665 in
925 2616 1004 2666 artus

127 2724 255 2800 Diditur,
276 2738 309 2787 ut
329 2728 416 2788 lentis
436 2729 566 2806 irrepens
586 2729 711 2789 flexibus
732 2730 834 2805 anguis

126 2849 215 2910 Colla
235 2860 383 2928 caputque
404 2861 481 2912 teres
501 2851 596 2912 nimio
616 2853 780 2917 luttamine
801 2864 926 2932 torquet.

126 2973 203 3031 Mox
222 2971 321 3032 vincla
341 2983 445 3032 exutus
466 2983 566 3049 portas
587 2972 694 3034 invasit
716 2979 803 3036 ans
861 2975 867 2985 ’

125 3093 201 3167 Illic,
222 3103 291 3154 ante
312 3093 376 3153 dies
398 3112 488 3170 quam
508 3095 683 3170 tempestiva
704 3097 830 3170 ruberet,

124 3219 217 3278 Senas
237 3214 409 3293 praeripiens
428 3215 526 3290 horas,
546 3217 676 3278 fervente
697 3236 820 3295 soporas
