2512 3788
527 338 559 386 H
560 338 728 389 YPERJON.

127 516 254 593 Quaque
273 519 374 593 jacent
393 517 480 578 variis
501 519 565 579 sola
584 520 675 597 longa
694 520 819 579 nitentia
838 518 950 580 crustis.

126 637 174 699 Sic
195 640 308 700 medias
329 640 402 701 adiit
422 642 509 702 eelsae
530 641 686 701 testudinis
707 642 805 703 aedes:

126 760 261 821 Substitit
281 762 338 835 hic,
359 762 530 840 pepulitque
551 763 669 840 pedem,
692 782 752 839 qua
771 762 901 823 funditus
923 765 1019 823 omnis

126 885 165 942 Vi
185 884 281 945 vibrat
302 887 507 963 Labyrinthus,
529 898 558 946 et
579 905 667 946 aurea
686 905 777 963 regna
796 887 945 946 resultant

126 1009 193 1068 Nec
212 1007 293 1084 pn‘us
313 1008 368 1068 iste
389 1028 479 1069 sonor
498 1009 593 1085 periit,
614 1028 703 1085 quam
724 1010 807 1068 frena
826 1009 986 1086 prementis
1069 1031 1125 1071 200

127 1130 258 1206 Depulit‚
279 1131 453 1208 exsiluitque
474 1133 533 1192 Dei
557 1151 616 1192 vox
636 1133 703 1191 talis
724 1133 762 1192 ab
784 1150 842 1192 ore.

191 1371 262 1446 Qua
283 1371 357 1428 milti
373 1389 449 1429 sceva
469 1371 523 1444 die,
541 1389 604 1445 qua
622 1371 733 1430 samnia
752 1372 858 1446 cognita
878 1372 960 1448 maiia,

131 1494 227 1568 Quam
248 1494 319 1552 dira
328 1493 429 1568 facies,
440 1492 563 1567 setaque
580 1493 722 1550 datoribus
742 1493 871 1553 umbra!

125 1615 173 1674 Et
190 1615 365 1675 calluiiantes
379 1615 474 1691 gelida
494 1616 525 1673 in
545 1604 662 1690 caligine
679 1616 779 1688 larua,

125 1735 258 1794 Auribus
276 1743 304 1794 et
322 1736 425 1794 macm‘s
445 1737 520 1794 ulva
537 1736 694 1794 simulacra
705 1737 876 1825 palustris!

125 1859 220 1919 Inus
242 1860 381 1934 quianam
401 1859 471 1932 vidi,
491 1859 629 1933 quianam
649 1859 708 1916 nac
717 1861 864 1935 praesagia
884 1864 972 1923 navi?

126 1983 243 2058 Ecquid
259 2002 312 2058 ega,
333 1984 465 2041 immensa
485 1982 550 2041 vita
569 1982 651 2057 viga
668 1982 764 2056 i'gfnms
783 1982 858 2057 aliu,

125 2105 232 2164 Rimar
250 2106 408 2164 inassuetas
426 2107 530 2180 spectas,
550 2105 702 2180 ada‘garque
721 2107 816 2165 tueri?

127 2227 275 2286 Saturnus
285 2228 401 2303 pridem
422 2227 534 2297 cecidit,·
561 2246 638 2286 nnnc
655 2229 714 2302 apsa
723 2229 842 2302 jacebat
903 2210 905 2216 ᾗ

126 2350 224 2409 Hacca
242 2350 379 2410 abolenda
398 2350 497 2424 quies?
522 2351 582 2409 iaaac
599 2351 771 2409 imunabula
791 2352 884 2409 nastri
1069 2376 1126 2415 210

78 2475 82 2482 '
126 2471 276 2546 Numinis,
296 2479 324 2531 at
341 2473 451 2531 luxus?
479 2473 527 2530 hic
545 2473 758 2532 illustrissimus
777 2477 853 2534 air?

126 2588 281 2665 Duilaqua
298 2590 429 2665 crystalla
448 2591 570 2665 conopia,
582 2599 720 2666 puraque
728 2592 810 2667 sana

126 2713 258 2772 Lucentis
277 2713 376 2787 mgni?
401 2713 480 2787 quad
494 2731 571 2771 nunc
589 2715 774 2774 marcentibus
793 2717 878 2774 auris

125 2835 278 2892 Desertum
298 2853 474 2911 vacuumque
482 2836 568 2911 jacet,
589 2854 650 2894 mea
670 2838 753 2896 nulla
773 2839 924 2913 valuptas.-

125 2958 190 3016 Nec
198 2958 296 3033 jubar
312 2959 370 3031 iam,
389 2959 556 3033 lautumqne
573 2960 655 3034 diam,
666 2961 826 3037 formaque
844 2965 970 3038 decanam,

128 3080 187 3139 Sed
203 3080 327 3138 tmebras
346 3098 432 3153 cerna,
453 3087 566 3139 muntem
587 3083 763 3158 tambrasque
773 3092 899 3159 pavesco.
