2512 3788
522 319 560 370 H
562 319 676 369 YPERI
674 319 731 370 ON.

127 476 209 553 Hebe
228 495 321 569 abeas,
339 498 500 573 comamque
518 505 582 558 tuas
598 499 661 558 dux
679 501 738 577 ipse
747 501 873 576 jurata:
924 509 926 513 '

126 613 208 674 Nata
228 619 303 676 milri
319 640 381 696 qua
400 624 494 682 lustra
518 626 632 695 caluat;
659 633 735 700 teque
754 626 819 683 inde
827 625 961 701 petebam.
1071 642 1127 699 130

129 741 207 801 Haec
227 746 347 820 paucis:
375 756 437 806 tum
458 747 578 824 paulum
600 749 703 807 oculos
723 748 823 807 obfixa
842 763 983 824 procaces

128 864 246 925 Vadere
267 868 345 927 Diva
365 879 451 942 retr0,
474 868 571 929 donec
593 880 762 946 sequeretur
783 880 902 930 euntem
912 890 922 944 ;

75 980 77 984 ⁸
128 986 197 1060 Qua
216 987 265 1048 via
284 1010 338 1067 per
358 992 478 1067 sylvam,
499 991 587 1050 ramis
607 991 781 1051 cedentibus
801 992 888 1063 ultr0‚

128 1113 172 1173 Ut
192 1113 303 1175 cedunt
323 1115 428 1192 aquilis
449 1135 586 1193 suprema
605 1114 774 1192 petentibus
795 1133 881 1174 aurae.

189 1353 308 1412 Interea
328 1352 437 1414 similes
458 1353 521 1413 aliis
542 1352 573 1412 in
593 1353 725 1430 partibus
745 1351 804 1427 irae,

128 1479 328 1553 Ingentesque
348 1477 432 1554 genis
453 1478 599 1555 lacrymae,
619 1495 794 1552 moerorque,
815 1485 978 1553 metusque,

127 1601 194 1660 Nec
214 1599 324 1677 scriptu
344 1600 446 1675 facilis,
467 1621 523 1661 nec
545 1600 630 1661 ditm
650 1598 774 1659 effabilis
804 1599 863 1659 ulli.

127 1724 207 1781 Nam
227 1723 304 1800 Jove
329 1722 498 1800 Terrigenae
519 1722 582 1795 fusi,
603 1740 656 1780 seu
676 1739 792 1780 carcere
813 1720 923 1782 rudunt

127 1842 247 1915 Inclusi‚
269 1862 320 1902 seu
341 1854 448 1920 sponte
468 1845 569 1916 latent,
592 1862 644 1901 sua
664 1842 779 1918 perdita
798 1844 864 1919 jura
899 1924 901 1930 y

125 1964 286 2041 Suspirant,
308 1983 471 2039 vocemque
493 1961 551 2021 Dei
572 1972 711 2038 optavere
732 1962 875 2023 dolentes.
1072 1983 1127 2036 140

125 2089 184 2148 Sed
205 2090 346 2165 regnabat
367 2088 472 2159 adhuc,
493 2086 572 2145 solus
594 2086 632 2144 de
653 2085 741 2163 stirpe
761 2086 921 2164 gigantum,

128 2211 268 2290 Fulgidus
288 2210 426 2271 insistens
448 2208 604 2286 Hyperion
625 2208 692 2286 igne
712 2209 855 2286 globato;

127 2335 252 2396 Gavisus
273 2334 372 2407 titulis,
393 2343 482 2408 atque
503 2333 572 2392 a'e'ra
591 2331 684 2392 thuris
705 2333 842 2407 odorans

127 2462 196 2536 Quo
217 2477 310 2536 genus
329 2458 493 2516 humanum
512 2465 668 2515 veneratur
687 2454 898 2532 lueiparentem
908 2478 917 2530 ;

126 2586 193 2644 Nec
213 2595 314 2643 tamen
334 2578 515 2657 intrepidus:
541 2596 612 2636 nam
633 2596 706 2653 quas
726 2576 899 2637 mortalibus
919 2576 1002 2654 aegris

127 2705 258 2768 Horrida
278 2702 452 2783 praecipiunt
472 2701 576 2760 ferales
597 2697 697 2758 omina
717 2717 810 2772 curas,
873 2683 876 2689 ¹

126 2833 197 2891 Non
217 2829 289 2890 alias
310 2838 374 2888 toto
394 2822 538 2903 persensit
558 2824 682 2899 pettore
703 2820 800 2880 Titan.

125 2953 197 3012 Non
217 2950 299 3009 illum
319 2946 504 3025 gemitusque
525 2962 641 3016 canum,
663 2941 828 3018 stridorque
847 2942 1006 3014 volucrum,

126 3075 166 3132 Et
186 3072 373 3134 conclamato
395 3065 459 3128 noti
481 3065 519 3126 de
539 3082 664 3141 corpore
686 3064 793 3123 Manes
