2512 3788
525 342 559 391 H
560 341 729 391 YPERION.

127 525 241 582 Moesta
261 521 333 595 dies,
355 522 500 599 spissique
521 540 609 598 super
629 521 779 598 laquearia
799 520 864 580 caeli

126 646 207 706 Tota
225 645 319 706 notte
338 645 450 706 latent:
478 646 520 704 sic
540 644 749 705 intermortuus
770 642 867 704 omnis

126 768 277 843 Spemque
297 777 468 844 metumque
490 766 549 828 suis
570 765 681 840 reticet,
703 765 864 843 fruiturque
885 766 1028 844 sepulcro.

188 1130 227 1187 In
246 1146 372 1189 numero
390 1127 483 1205 jacuit
504 1129 606 1202 Creus‚
627 1126 676 1188 cui
695 1128 831 1205 pondera
851 1126 918 1187 ferri

127 1247 222 1308 Clava
240 1266 364 1308 manum
384 1247 482 1322 subiit,
503 1259 533 1310 et
552 1248 633 1326 rupis
653 1259 738 1311 costa
757 1251 889 1322 revulsae,

125 1367 197 1428 Vim
217 1379 326 1431 testata
346 1370 414 1444 Dei,
435 1370 607 1448 rabiemque
628 1373 659 1432 in
679 1374 738 1433 fine
759 1373 888 1433 furentis·

126 1492 194 1552 Nec
214 1492 313 1553 minor
332 1495 454 1571 Iapetus
475 1493 573 1573 digitis
593 1494 710 1555 undosa
731 1495 869 1556 draconis
1092 1515 1130 1565 40

126 1615 216 1675 Colla
235 1625 317 1677 tenet
322 1637 332 1692 3
350 1616 451 1678 bifidae
472 1637 644 1696 compresso
665 1629 780 1696 gutture
800 1619 909 1697 linguae

125 1737 203 1797 Tela
220 1739 331 1816 jacent,
352 1741 510 1817 trattuque
530 1740 635 1818 ingens
656 1741 826 1803 extenditur
845 1740 949 1819 anguis

127 1859 266 1921 Mortuus
272 1883 282 1938 3
302 1862 393 1940 idque
412 1864 520 1941 Jovem
541 1864 624 1941 quod
644 1865 727 1926 nullo
748 1867 846 1926 afflare
866 1882 985 1926 veneno

127 1981 237 2056 Bestia,
256 1982 446 2061 vietoresque
468 1985 571 2046 oculos
592 1984 777 2062 exstinguere
797 1995 906 2063 posset

128 2102 283 2163 Proximus
303 2103 372 2164 huic
394 2105 510 2179 CottuS,
533 2103 584 2182 qui
605 2115 696 2166 strato
717 2125 841 2183 corpore
861 2117 995 2166 mentum

128 2223 222 2301 Erigit
228 2246 237 2299 ;
258 2224 321 2302 ipse
342 2225 430 2286 dolor
449 2224 527 2286 saxis
547 2225 661 2287 illidere
681 2227 797 2287 calvam

127 2347 221 2422 Fecit,
242 2359 272 2410 et
292 2369 345 2411 ora
364 2351 427 2410 fero
448 2359 585 2426 torquere
607 2360 637 2411 et
657 2348 770 2409 lumina
790 2349 864 2410 nisu.

129 2474 189 2532 En!
210 2472 322 2547 Asiam,
345 2472 423 2533 Imai
443 2474 588 2545 sobolem,
609 2492 676 2548 quae
697 2473 827 2533 maxima
846 2483 971 2535 matrem

126 2596 278 2656 Tellurem
297 2606 384 2673 partu
403 2597 562 2673 plusquam
582 2614 662 2655 mare
684 2594 794 2656 femina
814 2596 906 2673 fregit

128 2717 177 2777 Illi
197 2728 297 2779 autem
318 2720 402 2779 fusco
424 2717 539 2796 species
559 2716 730 2777 meditantis
751 2715 782 2776 in
803 2737 863 2791 ore,

128 2843 200 2902 Nou
220 2840 373 2903 moerentis
394 2851 456 2901 erat
462 2863 478 2916 5>
492 2860 558 2917 quae
578 2859 687 2916 nempe
707 2838 848 2901 instantia
868 2842 937 2915 fata,

94 2976 105 2990 ²
129 2964 168 3024 Et
186 2965 250 3041 jam
269 2964 431 3041 promissos
452 2981 554 3023 secum
574 2962 714 3023 volvebat
733 2961 870 3054 honores

128 3086 249 3163 Magnae
269 3083 378 3146 mentis
398 3103 474 3161 opus
493 3082 601 3160 palmis
621 3084 756 3146 florentia
776 3084 895 3161 templa,
