2512 3788
523 356 558 406 H
559 355 674 406 YPERI
672 355 729 407 ON.

124 539 204 597 Tum
224 536 326 615 magis,
347 554 492 614 aegrorum
512 536 649 596 thalamis
670 535 695 596 si
715 537 791 598 forte
811 535 1020 615 propinquent,

125 661 195 736 Qua
215 661 340 722 confusa
359 660 423 738 pari
443 661 638 738 languescunt
657 661 779 721 vtdnere
799 661 906 737 corda3
1075 681 1130 719 roo

126 781 220 842 Haud
240 781 324 843 aliter
341 782 445 843 medio
465 801 498 842 se
518 782 647 842 miscens
668 781 785 860 agmine
807 783 917 844 ductor

125 903 262 982 Languit,
282 902 373 981 inque
393 903 444 965 illa
464 904 610 965 resolutus
630 912 726 980 strage
747 903 885 976 labasset,

125 1025 168 1084 Ni
188 1035 274 1114 torvo
295 1026 464 1086 Enceladus
484 1025 596 1086 fixisset
616 1024 746 1086 lumine:
766 1027 851 1102 cujus
898 1012 900 1016 ¹

126 1148 281 1225 Majestas,
301 1147 435 1225 tantique
457 1147 540 1209 ducis
561 1147 734 1222 reverentia,
756 1157 889 1208 mentem

125 1268 255 1330 Perculit
275 1269 452 1330 attonitam:
469 1270 592 1346 jamque
613 1269 744 1348 ingemit,
764 1270 858 1330 Ecce!
879 1269 1028 1345 Gigantes,

123 1392 199 1452 Ecce
215 1392 334 1454 Deum!
370 1394 450 1451 Tum
470 1411 541 1470 pars
558 1403 667 1453 moesto
689 1394 813 1454 fremere
834 1390 972 1470 improba
993 1403 1107 1469 questu,

125 1513 198 1572 Pars
219 1531 333 1572 sursum
353 1514 507 1588 exsultare,
529 1525 619 1591 atque
640 1515 805 1575 exclamare
826 1515 955 1575 furentes
961 1536 970 1588 ;

126 1632 172 1694 Hi
192 1635 363 1712 lacrymant,
384 1637 529 1714 plangunt
549 1637 600 1712 illi,
622 1648 800 1699 venerantur
819 1648 851 1699 at
871 1656 983 1699 omnes.

124 1758 168 1816 At
187 1755 306 1834 Regina
324 1755 399 1834 nigri
419 1758 528 1818 tollens
547 1758 696 1820 velamina
715 1760 797 1837 pepli

126 1880 337 1955 Pallentesque
356 1898 456 1958 genas,
477 1901 624 1959 rugasque
643 1882 676 1941 in
696 1883 792 1943 fronte
813 1883 926 1958 retexit,
1075 1905 1130 1942 110

126 2001 233 2060 Tenue
254 1997 443 2078 supercilium
462 2002 602 2079 prodens,
625 2004 788 2080 oculosque
808 2015 937 2064 cavatos.

188 2258 263 2317 Sunt
282 2268 493 2319 montanorum
512 2257 576 2318 fera
595 2274 745 2315 murmura
764 2255 933 2333 pinetorum

128 2381 207 2439 Cum
227 2398 334 2440 vocem
353 2379 509 2441 contendit
529 2379 632 2457 hyems
638 2399 649 2454 3
668 2387 736 2438 sunt
758 2388 787 2439 et
808 2396 862 2438 sua
883 2375 968 2437 Divis

128 2501 221 2563 Sibila
240 2521 309 2563 cum
330 2503 424 2581 digito
446 2505 529 2565 Deus
550 2502 694 2562 admonet
713 2500 813 2563 indice
833 2511 977 2578 quantum

128 2626 243 2688 Mentis
262 2626 442 2705 inexpressae
462 2625 583 2686 molitur
601 2634 718 2702 gutture
738 2622 866 2700 pondus,

128 2748 222 2824 Quod
242 2750 346 2824 melos,
369 2760 399 2810 et
419 2750 520 2821 fastus,
543 2745 661 2823 orisque
680 2744 809 2806 tonitrua
829 2744 942 2807 net'tit:

127 2871 215 2933 Talia
234 2872 384 2933 montanis
404 2890 457 2933 sua
476 2889 626 2930 mmmura
645 2878 713 2928 sunt
733 2867 856 2946 pinetis3

128 2995 206 3071 Quae
226 3013 296 3055 cum
316 2994 434 3057 clivosis
455 3013 570 3056 cessere
590 2991 742 3070 reciproca
762 2989 850 3051 terris.

128 3118 202 3178 Non
222 3116 272 3176 alii
292 3119 420 3177 subeunt
441 3114 595 3192 strepitus;
616 3113 669 3174 sed
689 3110 795 3174 flebilis
816 3112 892 3173 echo

129 3247 213 3308 Inter
233 3244 388 3324 delapsam
408 3243 487 3307 siluit
507 3262 576 3306 cum
597 3240 720 3302 stridula
739 3249 872 3318 gentem,
1075 3258 1130 3296 120
