2512 3788
474 357 679 407 HYPERION.

75 537 277 616 Floriferaque
297 540 390 617 pedes
411 533 527 600 crurum
548 551 634 601 tenus
655 538 754 600 obruit
773 539 872 600 herba.
983 560 984 563 ¹

75 661 213 722 Desierat
233 662 406 739 Philomela,
429 673 459 723 et
480 663 577 724 sidera
597 682 693 740 pauca
714 664 768 723 sub
789 682 874 724 auras

75 786 251 861 Cessabant,
272 786 392 864 placido
414 787 485 847 dum
505 786 597 864 coepit
616 798 733 864 gutture
753 788 855 848 turdus

74 912 243 971 Instaurare
264 911 344 972 diem
355 933 364 987 ς
392 921 514 988 totaque
535 912 566 970 in
590 911 683 973 litoris
704 932 757 974 ora

73 1034 147 1093 Non
167 1035 248 1093 sinus
267 1034 344 1093 ullus
366 1043 436 1107 erat,
458 1035 571 1092 nullum
593 1032 746 1094 seduttius
768 1044 894 1106 antrum,
998 1087 1000 1094 t

72 1156 320 1231 Impertentatum
340 1174 455 1216 resonae
476 1155 650 1216 stridoribus
670 1156 780 1218 undae:

71 1276 132 1338 Sed
152 1295 267 1350 nemus,
290 1289 320 1338 et
340 1276 448 1338 virides
468 1279 519 1338 vix
538 1279 678 1340 audivere
698 1297 840 1339 recessus.

71 1399 176 1460 Audiit
196 1400 381 1479 illacrymans
398 1401 525 1478 juvenis,
545 1412 696 1480 guttaeque
716 1404 844 1463 nitentes

72 1523 211 1598 Desuper
230 1532 365 1582 auratum
386 1523 564 1599 spargebant
584 1523 699 1583 roribus
721 1542 830 1583 arcum.

70 1643 121 1704 Sic
141 1642 304 1704 interclusis
322 1646 445 1721 jamque
466 1644 560 1704 imbre
581 1645 762 1705 tumentibus
782 1644 868 1705 haesit

71 1764 248 1825 Luminibus
258 1787 267 1840 ;
295 1765 393 1826 donec
414 1785 515 1842 gressu
537 1767 605 1826 Dea
624 1785 734 1844 magna
753 1767 884 1828 verendo

72 1888 208 1963 Incessit,
229 1889 322 1965 'patuli
343 1888 478 1949 discusso
499 1890 629 1966 tegmine
648 1889 742 1950 rami:

70 2013 171 2087 Quam
191 2012 278 2072 simul
298 2012 414 2090 aspexit
432 2011 612 2085 venientem,
633 2022 664 2072 et
684 2013 780 2072 fronte
801 2013 927 2074 disertos

69 2135 202 2212 Agnovit
221 2137 328 2210 vultus,
348 2135 539 2213 animumque
561 2137 616 2196 sub
637 2154 689 2196 ore
708 2135 824 2196 notavit

69 2259 230 2332 Attonitus,
254 2258 403 2335 dubiaque
423 2258 573 2320 incassum
594 2269 694 2319 mente
715 2257 818 2337 relegit
830 2281 879 2334 3—

69 2383 170 2457 Atque
190 2380 232 2441 ita
252 2381 399 2442 mellifluis
419 2381 531 2460 incepit
551 2383 676 2443 vocibus
697 2380 779 2458 ipse:

136 2503 179 2562 Ut
197 2522 278 2561 mare
288 2512 348 2578 per
365 2504 487 2562 medium
508 2504 617 2577 venisti,
638 2504 750 2563 nullius
769 2511 836 2562 ente
1039 2524 1076 2584 50

72 2626 234 2684 Centrt'tum
247 2627 391 2701 pedibus?
409 2627 542 2702 potuitne
559 2647 592 2686 ea
604 2629 706 2704 prisca
726 2636 867 2700 uenustas,

66 2749 258 2824 Pelletusque
276 2749 329 2807 diu
349 2750 431 2808 decor
448 2751 505 2809 leae
524 2751 556 2808 in
577 2752 653 2809 valle
673 2751 782 2810 moueri

66 2872 260 2948 Indeprensus
279 2873 396 2931 adhuc?
440 2873 521 2932 Certe
539 2893 602 2932 cem
621 2876 699 2934 selus
719 2876 750 2934 in
770 2877 838 2935 ultis

71 2993 223 3069 Capterem
234 2993 338 3068 frepus
357 2994 480 3068 latebas,
499 2995 555 3054 kas
574 3014 689 3055 currere
708 3003 794 3056 vertes

65 3120 166 3195 Lapsa
186 3128 273 3194 super
281 3120 371 3195 folia,
391 3127 419 3179 et
436 3122 494 3179 lete
511 3123 572 3180 sole
594 3140 705 3182 verrere
722 3124 804 3182 sensi.

66 3241 183 3302 Audivi
201 3249 272 3302 certe
289 3244 438 3320 strepitum
449 3243 603 3319 fluitantes
622 3244 746 3304 emittes
