2512 3788
528 360 562 408 H
564 359 678 408 YPERJ
676 359 732 409 ON.

132 534 254 609 Impulit
273 534 336 610 ipse
356 533 433 593 fores
453 531 561 606 anima,
582 530 750 607 nimbisque
770 530 875 608 fugatis

130 654 267 716 Protinus
287 655 327 714 ad
347 653 461 731 gelidos
481 651 620 730 patefecit
640 653 772 729 Tethyos
793 670 902 711 amnes,

190 894 418 974 Flammigerum
432 895 485 956 sed
499 894 587 969 enim,
600 914 660 971 quo
674 913 706 954 se
721 896 804 954 Deus
816 891 929 956 invehit
943 903 1052 953 astmm
1073 913 1130 967 ²40

130 1021 223 1079 Mane
243 1038 355 1092 recem,
376 1037 492 1078 currum
512 1028 593 1077 meta
612 1016 731 1076 molitus
751 1026 883 1092 utraque,

128 1139 259 1199 Vertitur
279 1140 430 1200 occlusum
451 1139 574 1198 nebulis.
618 1141 684 1198 Nec
705 1157 822 1214 semper
840 1138 870 1197 in
893 1148 956 1197 atra

129 1265 219 1324 Nube
238 1264 311 1324 latet
320 1285 330 1338 ;
354 1264 417 1340 jam
435 1264 557 1338 Jamque
577 1261 685 1322 micat:
713 1261 755 1322 sic
775 1261 920 1322 candidus
941 1259 1003 1320 axis

129 1384 292 1458 Interdum,
313 1394 402 1460 atque
423 1403 516 1458 arcus,
537 1393 567 1443 et
586 1382 638 1442 lati
659 1402 735 1444 zona
755 1384 847 1443 coluri

128 1508 293 1581 Perlucent,
314 1506 502 1582 tenebrisque
522 1506 679 1566 tenerrima
698 1508 811 1584 fulgura
831 1515 896 1567 toto

129 1627 308 1705 Inscripsere
328 1628 408 1704 polo
451 1629 519 1687 Nec
539 1599 726 1687 inobservata
745 1626 852 1686 vetusti

128 1750 218 1828 Signa
238 1753 337 1810 Deum
357 1758 494 1825 stupuere
515 1758 622 1825 patres,
644 1748 847 1825 Chaldaeaque
867 1748 972 1825 raptim

128 1871 240 1934 Defixit
259 1871 378 1950 placida
398 1868 543 1947 sapientia
561 1869 684 1946 pervigil
703 1888 779 1930 arce.

128 1997 176 2058 Sic
196 1995 320 2073 quaesita
340 1994 392 2055 diu
412 1993 526 2072 species
546 1993 682 2071 apparuit
701 1993 798 2056 orbis:

128 2120 204 2178 Mox
222 2117 334 2193 periere
355 2125 434 2174 notae
444 2135 453 2189 3
479 2114 536 2182 nisi
557 2113 581 2174 si
602 2133 669 2191 quae
690 2113 859 2175 enormibus
880 2113 952 2176 olim
1071 2133 1127 2192 ²50

128 2238 283 2315 Relliquiis
301 2237 435 2315 lapidum
451 2238 614 2316 deprensae,
633 2249 663 2298 et
681 2257 827 2299 marmore
845 2239 947 2314 fusc03

127 2364 217 2422 Mens
238 2360 345 2439 quibus
365 2359 482 2435 interiit,
502 2380 558 2421 nec
577 2360 649 2439 quid
668 2361 796 2422 docuere
812 2374 960 2439 repertum
977 2373 1028 2424 est.

188 2632 244 2692 Ille
261 2633 368 2710 globus
386 2630 519 2709 geminas
540 2628 670 2708 argentei
688 2629 806 2690 luminis
827 2631 898 2705 alas

126 2753 248 2817 Grande
267 2753 366 2827 decuS,
385 2751 509 2813 Domini
528 2753 658 2812 adventu
676 2753 792 2829 jadtare
814 2754 928 2814 solebat
938 2776 947 2828 3

126 2877 203 2950 Quae
221 2893 301 2935 nunc
322 2894 339 2935 e
359 2874 497 2948 tenebris,
515 2893 687 2952 magnarum
706 2874 827 2936 horrore
848 2895 999 2936 comarum

125 2997 240 3058 Sensim
261 2965 464 3071 ostenduntur,
485 2996 556 3057 dum
576 2997 805 3076 fulgentissimus
826 2998 905 3059 orbis

126 3120 216 3181 Nube
236 3121 353 3182 laborat
372 3120 479 3197 adhuc,
499 3123 671 3198 jussumque
693 3123 849 3200 exspedtat
868 3121 966 3182 herile.
