2512 3788
527 331 561 384 H
563 330 737 387 YPERJOM

124 511 216 570 Mira
226 511 303 600 fiuis
321 515 412 589 opust
448 512 547 573 Subiit
564 515 709 575 maturior
725 514 808 591 liora,

124 634 238 696 Attulit
254 643 282 696 et
298 636 412 712 Lucem,
432 655 496 712 quoe
515 655 583 696 mox
601 645 755 714 compressa
767 646 890 715 parente
950 662 951 665 ¹
1056 663 1059 670 ·

133 755 248 832 Vim'fico
267 763 354 817 totum
374 757 514 817 coruussit
530 758 649 817 numine
667 760 773 821 molem.

129 877 263 952 Tempore
279 896 335 937 nou
354 877 414 937 alio
433 882 537 937 uostrce
547 878 718 953 primordia
736 879 803 939 uita

127 997 320 1074 Ommparms
344 999 492 1075 Calusque
509 1001 657 1076 apparuit,
676 1001 811 1077 almaque
832 1004 950 1075 Tellus,-

128 1123 176 1181 Tu
195 1141 304 1200 quoque
313 1125 504 1201 primigenus,
524 1145 576 1185 uos
594 1131 622 1185 et
630 1125 735 1201 fetura
750 1127 909 1202 gigantum,
1024 1178 1025 1183 ,

125 1241 230 1318 Sponte
246 1261 337 1302 iuvas
354 1244 436 1318 sedes,
449 1246 642 1321 pulcrumque
659 1247 830 1322 capessimus
849 1249 947 1308 arbua

124 1365 217 1425 Num
234 1367 312 1426 subit
329 1368 381 1427 iste
398 1369 486 1442 dolor,
505 1369 535 1427 si
552 1388 651 1429 uerum
671 1369 775 1429 audire
792 1370 884 1428 dolori
902 1376 958 1429 est:

128 1485 157 1546 O
177 1487 284 1548 stultit
298 1489 435 1564 quomam
455 1508 525 1549 vera
544 1490 642 1549 omuio
663 1491 743 1551 corde
752 1491 863 1567 souare,

125 1613 311 1690 Eumtusque
320 1617 397 1691 pati,
417 1623 445 1675 et
461 1618 545 1676 uultu
557 1616 689 1693 pem‘erre
705 1635 809 1690 sermo,

126 1736 193 1796 Hoc
212 1743 298 1812 caput
314 1738 429 1813 imperii
445 1757 590 1797 mmmmm
610 1746 656 1798 est.
698 1738 854 1812 Advortite,
874 1737 973 1799 Diui!

131 1859 226 1919 Culus
245 1867 280 1920 ut
295 1869 323 1920 el
343 1863 442 1922 Tellus
451 1862 556 1938 forma
580 1862 676 1921 Chaos
695 1869 780 1937 atque
803 1863 942 1922 Tenebras
1073 1885 1130 1924 200

127 1983 324 2060 Exsuperaut‚
343 1986 487 2060 quondam
507 2004 597 2062 regu,-
617 1992 703 2061 utque
722 1986 839 2061 agmina
858 1994 956 2050 nostra

131 2104 269 2163 Tellurem
294 2105 457 2181 Calumque
474 2125 548 2165 noua
569 2106 728 2183 compagine
745 2108 869 2182 vineunt,

127 2225 225 2284 Mente
244 2243 388 2301 manuque
406 2226 472 2300 cita,
493 2227 625 2286 coeuortis
644 2235 672 2286 et
688 2227 787 2287 oro'im
805 2229 879 2302 uita,

126 2350 173 2410 Et
189 2352 268 2411 melle
286 2352 401 2438 iulieiis
420 2353 521 2412 melior
537 2359 647 2412 natura
659 2352 824 2429 probatur,·

128 2475 179 2536 Sic
195 2482 224 2534 et
240 2480 339 2534 nostru
359 2494 449 2535 reolus
469 2475 579 2551 Species
599 2475 716 2550 uestigia
728 2482 847 2551 pressat

127 2600 264 2660 Moribus
283 2606 311 2659 et
318 2599 424 2677 forma
436 2600 632 2677 praestantior,
651 2600 703 2658 loos
722 2617 756 2658 ea
764 2599 847 2675 satis

137 2721 249 2781 Vrmere
266 2727 341 2781 certa
359 2721 447 2796 Deos,
467 2727 503 2780 ut
520 2739 571 2780 uos
589 2739 699 2797 quoque
716 2721 836 2779 uicimus
855 2721 927 2781 illos.

127 2846 192 2906 Nu
209 2845 300 2922 magis
319 2845 478 2921 obruimur,
498 2864 587 2922 quam
599 2851 660 2920 per
676 2864 727 2907 uos
746 2838 848 2908 obruta
867 2850 958 2906 cessat
