2512 3788
461 345 665 400 HYPERION.

68 533 111 592 Ut
128 528 243 591 nasserns
254 550 317 607 qua
337 550 387 591 aas
405 531 513 608 agitent
529 531 655 591 crudelia
665 531 749 609 sata,

67 653 287 730 Qualzacunque
294 654 395 730 serens
415 655 514 714 miseri
531 655 636 714 salatia
655 653 757 713 tuitus.

63 773 175 834 Sumite
192 775 270 851 quad
286 792 385 835 aarum
403 781 451 848 est,
470 774 512 835 sit
528 782 556 834 et
573 775 632 834 hac
650 775 787 834 medicina
806 773 903 838 talari.
923 783 925 787 '

124 1130 382 1206 Continu0,-·sed
402 1149 442 1191 an
460 1129 521 1192 hoc
541 1129 657 1191 animus
677 1139 866 1206 contemptor
886 1139 916 1190 et
936 1127 988 1202 ira,
1066 1147 1069 1151 ·

60 1255 112 1312 An
130 1252 273 1330 perplexa
291 1253 375 1328 fides,
397 1272 464 1330 quae
484 1273 569 1315 mens
589 1253 731 1314 altissima
752 1253 899 1314 dicat?-

62 1378 208 1438 Cessante
229 1377 354 1440 Oceano
373 1395 481 1439 vocem
500 1387 622 1439 tenuere
641 1397 807 1456 parumper.

61 1499 135 1559 Una
154 1509 264 1575 tamen,
285 1498 358 1560 nulli
379 1519 469 1577 quam
488 1518 643 1579 respexere
664 1518 794 1576 suorum,

60 1622 145 1681 Ausa
164 1620 247 1698 loqui
268 1623 413 1700 Clymene
418 1644 429 1700 3
451 1642 510 1684 nee
530 1622 602 1683 dum
621 1632 797 1700 argumenta
815 1623 930 1696 referre,

60 1743 122 1804 Sed
142 1744 225 1805 tenui
245 1745 369 1808 stn'dore
390 1745 492 1823 queri:
519 1764 587 1823 quae
607 1745 718 1807 torrida
738 1745 820 1806 febre

60 1866 161 1926 Labra
180 1884 314 1943 movens,
333 1867 499 1946 timidoque
519 1869 658 1930 attollens
678 1867 791 1930 lumina
810 1870 901 1942 vultu,
969 1924 970 1927 ,
1065 1878 1067 1890 ²

60 1989 158 2049 Lenta
177 1989 255 2050 seros
274 1989 352 2052 inter
370 1990 490 2052 stillavit
509 1992 600 2053 verba
618 2000 759 2053 tacentes.
1006 2010 1062 2062 ²40

120 2112 232 2188 Magne
241 2121 337 2190 patar,'
356 2114 522 2175 canaram
542 2121 644 2190 egomet
661 2113 822 2174 vanissima
842 2129 958 2182 aarum

60 2234 124 2294 Nec
142 2236 211 2294 navi
228 2236 289 2294 niti
305 2236 384 2312 quad
391 2235 544 2312 perierunt
561 2235 658 2295 amnia
677 2236 751 2308 lata,

61 2358 109 2416 Et
125 2377 200 2417 aava
219 2377 264 2418 res
282 2358 387 2417 nastris
407 2357 524 2434 irrepsit
541 2357 678 2416 nantibus
696 2375 794 2432 angar,

65 2480 130 2557 Qui
147 2501 244 2542 verear
262 2503 343 2560 regrar
362 2503 399 2543 ne
414 2493 525 2561 semper
542 2492 625 2543 restet
642 2485 674 2544 in
694 2485 751 2545 illa.

59 2605 107 2664 At
123 2626 180 2667 nan
201 2607 342 2684 infaustas
361 2610 518 2686 accingerer
535 2610 613 2670 cdere
630 2618 753 2686 questas,

64 2729 93 2789 0
112 2729 227 2806 Superi,
247 2750 367 2808 magnas
385 2733 414 2791 si
431 2733 517 2792 verba
537 2732 655 2808 infirma
667 2739 803 2809 putarem

61 2853 168 2913 Stetere
177 2860 263 2929 passe
280 2873 405 2916 manus:
430 2861 543 2914 tantum
563 2855 648 2913 sinite
665 2872 737 2913 aure
754 2855 833 2931 quad
847 2855 937 2915 hausi

60 2979 171 3053 Dicere
191 2997 308 3055 quaque
325 2979 401 3037 milti
417 2979 562 3054 lacrymas
580 2977 683 3037 audita
702 2979 856 3052 movebant,

68 3101 114 3161 Ut
129 3109 191 3178 spes
210 3103 377 3162 damnarem
397 3110 518 3179 nostras,
537 3103 720 3178 canultaqur
736 3119 827 3161 cassa.

60 3226 182 3287 Stabant
192 3225 274 3302 farte
285 3227 532 3304 praculjucurrdi
549 3226 581 3286 in
600 3227 694 3287 litan's
712 3243 776 3300 ara,
1005 3245 1019 3283 2
1024 3244 1061 3301 50
